{
  "symbol": "IDCC",
  "annualReports": [
    {
      "fiscalDateEnding": "2024-12-31",
      "reportedCurrency": "USD",
      "grossProfit": "699277000",
      "totalRevenue": "868516000",
      "costOfRevenue": "169239000",
      "costofGoodsAndServicesSold": "169239000",
      "operatingIncome": "439512000",
      "sellingGeneralAndAdministrative": "62862000",
      "researchAndDevelopment": "196903000",
      "operatingExpenses": "259765000",
      "investmentIncomeNet": "None",
      "netInterestIncome": "-5026000",
      "interestIncome": "40395000",
      "interestExpense": "45421000",
      "nonInterestIncome": "None",
      "otherNonOperatingIncome": "None",
      "depreciation": "None",
      "depreciationAndAmortization": "69913000",
      "incomeBeforeTax": "429416000",
      "incomeTaxExpense": "70802000",
      "interestAndDebtExpense": "None",
      "netIncomeFromContinuingOperations": "358614000",
      "comprehensiveIncomeNetOfTax": "None",
      "ebit": "474837000",
      "ebitda": "544750000",
      "netIncome": "358614000"
    },
    {
      "fiscalDateEnding": "2023-12-31",
      "reportedCurrency": "USD",
      "grossProfit": "470191000",
      "totalRevenue": "549588000",
      "costOfRevenue": "79397000",
      "costofGoodsAndServicesSold": "79397000",
      "operatingIncome": "221615000",
      "sellingGeneralAndAdministrative": "53291000",
      "researchAndDevelopment": "195285000",
      "operatingExpenses": "248576000",
      "investmentIncomeNet": "None",
      "netInterestIncome": "1811000",
      "interestIncome": "46628000",
      "interestExpense": "44817000",
      "nonInterestIncome": "None",
      "otherNonOperatingIncome": "None",
      "depreciation": "None",
      "depreciationAndAmortization": "77792000",
      "incomeBeforeTax": "234610000",
      "incomeTaxExpense": "23557000",
      "interestAndDebtExpense": "None",
      "netIncomeFromContinuingOperations": "211053000",
      "comprehensiveIncomeNetOfTax": "None",
      "ebit": "279427000",
      "ebitda": "357219000",
      "netIncome": "214069000"
    },
    {
      "fiscalDateEnding": "2022-12-31",
      "reportedCurrency": "USD",
      "grossProfit": "386375000",
      "totalRevenue": "457794000",
      "costOfRevenue": "71419000",
      "costofGoodsAndServicesSold": "71419000",
      "operatingIncome": "150516000",
      "sellingGeneralAndAdministrative": "47377000",
      "researchAndDevelopment": "185202000",
      "operatingExpenses": "235859000",
      "investmentIncomeNet": "None",
      "netInterestIncome": "-15044000",
      "interestIncome": "14452000",
      "interestExpense": "29496000",
      "nonInterestIncome": "None",
      "otherNonOperatingIncome": "None",
      "depreciation": "None",
      "depreciationAndAmortization": "78571000",
      "incomeBeforeTax": "117563000",
      "incomeTaxExpense": "25502000",
      "interestAndDebtExpense": "None",
      "netIncomeFromContinuingOperations": "92061000",
      "comprehensiveIncomeNetOfTax": "None",
      "ebit": "147059000",
      "ebitda": "225630000",
      "netIncome": "93693000"
    },
    {
      "fiscalDateEnding": "2021-12-31",
      "reportedCurrency": "USD",
      "grossProfit": "360784000",
      "totalRevenue": "425409000",
      "costOfRevenue": "64625000",
      "costofGoodsAndServicesSold": "64625000",
      "operatingIncome": "71206000",
      "sellingGeneralAndAdministrative": "61217000",
      "researchAndDevelopment": "200484000",
      "operatingExpenses": "289578000",
      "investmentIncomeNet": "None",
      "netInterestIncome": "-23535000",
      "interestIncome": "1690000",
      "interestExpense": "25225000",
      "nonInterestIncome": "None",
      "otherNonOperatingIncome": "None",
      "depreciation": "None",
      "depreciationAndAmortization": "78193000",
      "incomeBeforeTax": "57556000",
      "incomeTaxExpense": "15368000",
      "interestAndDebtExpense": "None",
      "netIncomeFromContinuingOperations": "42188000",
      "comprehensiveIncomeNetOfTax": "None",
      "ebit": "82781000",
      "ebitda": "160974000",
      "netIncome": "55295000"
    },
    {
      "fiscalDateEnding": "2020-12-31",
      "reportedCurrency": "USD",
      "grossProfit": "188813000",
      "totalRevenue": "358991000",
      "costOfRevenue": "170178000",
      "costofGoodsAndServicesSold": "170178000",
      "operatingIncome": "55168000",
      "sellingGeneralAndAdministrative": "48999000",
      "researchAndDevelopment": "84646000",
      "operatingExpenses": "133645000",
      "investmentIncomeNet": "None",
      "netInterestIncome": "-35138000",
      "interestIncome": "5661000",
      "interestExpense": "40799000",
      "nonInterestIncome": "None",
      "otherNonOperatingIncome": "None",
      "depreciation": "None",
      "depreciationAndAmortization": "81041000",
      "incomeBeforeTax": "31293000",
      "incomeTaxExpense": "-6648000",
      "interestAndDebtExpense": "None",
      "netIncomeFromContinuingOperations": "37941000",
      "comprehensiveIncomeNetOfTax": "None",
      "ebit": "72092000",
      "ebitda": "153133000",
      "netIncome": "44801000"
    },
    {
      "fiscalDateEnding": "2019-12-31",
      "reportedCurrency": "USD",
      "grossProfit": "163984000",
      "totalRevenue": "318924000",
      "costOfRevenue": "154940000",
      "costofGoodsAndServicesSold": "154940000",
      "operatingIncome": "37835000",
      "sellingGeneralAndAdministrative": "51289000",
      "researchAndDevelopment": "74860000",
      "operatingExpenses": "126149000",
      "investmentIncomeNet": "None",
      "netInterestIncome": "-25964000",
      "interestIncome": "14991000",
      "interestExpense": "40955000",
      "nonInterestIncome": "None",
      "otherNonOperatingIncome": "29062000",
      "depreciation": "None",
      "depreciationAndAmortization": "77094000",
      "incomeBeforeTax": "25942000",
      "incomeTaxExpense": "10991000",
      "interestAndDebtExpense": "None",
      "netIncomeFromContinuingOperations": "14951000",
      "comprehensiveIncomeNetOfTax": "None",
      "ebit": "66897000",
      "ebitda": "143991000",
      "netIncome": "20928000"
    },
    {
      "fiscalDateEnding": "2018-12-31",
      "reportedCurrency": "USD",
      "grossProfit": "183323000",
      "totalRevenue": "307404000",
      "costOfRevenue": "124081000",
      "costofGoodsAndServicesSold": "124081000",
      "operatingIncome": "62595000",
      "sellingGeneralAndAdministrative": "51030000",
      "researchAndDevelopment": "69698000",
      "operatingExpenses": "120728000",
      "investmentIncomeNet": "None",
      "netInterestIncome": "-21366000",
      "interestIncome": "14590000",
      "interestExpense": "35956000",
      "nonInterestIncome": "None",
      "otherNonOperatingIncome": "-30537000",
      "depreciation": "None",
      "depreciationAndAmortization": "66108000",
      "incomeBeforeTax": "32058000",
      "incomeTaxExpense": "-27417000",
      "interestAndDebtExpense": "None",
      "netIncomeFromContinuingOperations": "59475000",
      "comprehensiveIncomeNetOfTax": "None",
      "ebit": "62595000",
      "ebitda": "128703000",
      "netIncome": "63868000"
    },
    {
      "fiscalDateEnding": "2017-12-31",
      "reportedCurrency": "USD",
      "grossProfit": "421781000",
      "totalRevenue": "532938000",
      "costOfRevenue": "111157000",
      "costofGoodsAndServicesSold": "111157000",
      "operatingIncome": "301495000",
      "sellingGeneralAndAdministrative": "49578000",
      "researchAndDevelopment": "70708000",
      "operatingExpenses": "120286000",
      "investmentIncomeNet": "None",
      "netInterestIncome": "-9357000",
      "interestIncome": "8488000",
      "interestExpense": "17845000",
      "nonInterestIncome": "None",
      "otherNonOperatingIncome": "-9105000",
      "depreciation": "None",
      "depreciationAndAmortization": "57053000",
      "incomeBeforeTax": "292390000",
      "incomeTaxExpense": "121676000",
      "interestAndDebtExpense": "None",
      "netIncomeFromContinuingOperations": "170714000",
      "comprehensiveIncomeNetOfTax": "None",
      "ebit": "301495000",
      "ebitda": "358548000",
      "netIncome": "174293000"
    },
    {
      "fiscalDateEnding": "2016-12-31",
      "reportedCurrency": "USD",
      "grossProfit": "552310000",
      "totalRevenue": "665854000",
      "costOfRevenue": "113544000",
      "costofGoodsAndServicesSold": "113544000",
      "operatingIncome": "437306000",
      "sellingGeneralAndAdministrative": "46271000",
      "researchAndDevelopment": "68733000",
      "operatingExpenses": "115004000",
      "investmentIncomeNet": "None",
      "netInterestIncome": "-17378000",
      "interestIncome": "3748000",
      "interestExpense": "21126000",
      "nonInterestIncome": "None",
      "otherNonOperatingIncome": "-15035000",
      "depreciation": "None",
      "depreciationAndAmortization": "52753000",
      "incomeBeforeTax": "422271000",
      "incomeTaxExpense": "116791000",
      "interestAndDebtExpense": "None",
      "netIncomeFromContinuingOperations": "305480000",
      "comprehensiveIncomeNetOfTax": "None",
      "ebit": "437306000",
      "ebitda": "490059000",
      "netIncome": "309001000"
    },
    {
      "fiscalDateEnding": "2015-12-31",
      "reportedCurrency": "USD",
      "grossProfit": "321034000",
      "totalRevenue": "441435000",
      "costOfRevenue": "120401000",
      "costofGoodsAndServicesSold": "120401000",
      "operatingIncome": "208549000",
      "sellingGeneralAndAdministrative": "39783000",
      "researchAndDevelopment": "72702000",
      "operatingExpenses": "112485000",
      "investmentIncomeNet": "None",
      "netInterestIncome": "None",
      "interestIncome": "26559000",
      "interestExpense": "30417000",
      "nonInterestIncome": "None",
      "otherNonOperatingIncome": "-27534000",
      "depreciation": "None",
      "depreciationAndAmortization": "47793000",
      "incomeBeforeTax": "181015000",
      "incomeTaxExpense": "64621000",
      "interestAndDebtExpense": "None",
      "netIncomeFromContinuingOperations": "116394000",
      "comprehensiveIncomeNetOfTax": "None",
      "ebit": "208549000",
      "ebitda": "256342000",
      "netIncome": "119225000"
    },
    {
      "fiscalDateEnding": "2014-12-31",
      "reportedCurrency": "USD",
      "grossProfit": "282013000",
      "totalRevenue": "415821000",
      "costOfRevenue": "133808000",
      "costofGoodsAndServicesSold": "133808000",
      "operatingIncome": "168960000",
      "sellingGeneralAndAdministrative": "37753000",
      "researchAndDevelopment": "75300000",
      "operatingExpenses": "113053000",
      "investmentIncomeNet": "None",
      "netInterestIncome": "None",
      "interestIncome": "None",
      "interestExpense": "16084000",
      "nonInterestIncome": "None",
      "otherNonOperatingIncome": "-15432000",
      "depreciation": "None",
      "depreciationAndAmortization": "42246000",
      "incomeBeforeTax": "153528000",
      "incomeTaxExpense": "52108000",
      "interestAndDebtExpense": "None",
      "netIncomeFromContinuingOperations": "101420000",
      "comprehensiveIncomeNetOfTax": "None",
      "ebit": "169612000",
      "ebitda": "211858000",
      "netIncome": "104342000"
    },
    {
      "fiscalDateEnding": "2013-12-31",
      "reportedCurrency": "USD",
      "grossProfit": "182324000",
      "totalRevenue": "325361000",
      "costOfRevenue": "143037000",
      "costofGoodsAndServicesSold": "143037000",
      "operatingIncome": "84756000",
      "sellingGeneralAndAdministrative": "32694000",
      "researchAndDevelopment": "64729000",
      "operatingExpenses": "97568000",
      "investmentIncomeNet": "None",
      "netInterestIncome": "None",
      "interestIncome": "None",
      "interestExpense": "15475000",
      "nonInterestIncome": "None",
      "otherNonOperatingIncome": "-23237000",
      "depreciation": "None",
      "depreciationAndAmortization": "33385000",
      "incomeBeforeTax": "61519000",
      "incomeTaxExpense": "25836000",
      "interestAndDebtExpense": "None",
      "netIncomeFromContinuingOperations": "35683000",
      "comprehensiveIncomeNetOfTax": "None",
      "ebit": "76994000",
      "ebitda": "110379000",
      "netIncome": "38165000"
    },
    {
      "fiscalDateEnding": "2012-12-31",
      "reportedCurrency": "USD",
      "grossProfit": "536779000",
      "totalRevenue": "663063000",
      "costOfRevenue": "126284000",
      "costofGoodsAndServicesSold": "126284000",
      "operatingIncome": "419030000",
      "sellingGeneralAndAdministrative": "37351000",
      "researchAndDevelopment": "67862000",
      "operatingExpenses": "117749000",
      "investmentIncomeNet": "None",
      "netInterestIncome": "None",
      "interestIncome": "None",
      "interestExpense": "14920000",
      "nonInterestIncome": "None",
      "otherNonOperatingIncome": "-10396000",
      "depreciation": "None",
      "depreciationAndAmortization": "26248000",
      "incomeBeforeTax": "408634000",
      "incomeTaxExpense": "136830000",
      "interestAndDebtExpense": "None",
      "netIncomeFromContinuingOperations": "271804000",
      "comprehensiveIncomeNetOfTax": "None",
      "ebit": "423554000",
      "ebitda": "449802000",
      "netIncome": "271804000"
    },
    {
      "fiscalDateEnding": "2011-12-31",
      "reportedCurrency": "USD",
      "grossProfit": "230006000",
      "totalRevenue": "301742000",
      "costOfRevenue": "71736000",
      "costofGoodsAndServicesSold": "71736000",
      "operatingIncome": "134757000",
      "sellingGeneralAndAdministrative": "31486000",
      "researchAndDevelopment": "63763000",
      "operatingExpenses": "95249000",
      "investmentIncomeNet": "None",
      "netInterestIncome": "None",
      "interestIncome": "None",
      "interestExpense": "10900000",
      "nonInterestIncome": "None",
      "otherNonOperatingIncome": "-10149000",
      "depreciation": "None",
      "depreciationAndAmortization": "23805000",
      "incomeBeforeTax": "124608000",
      "incomeTaxExpense": "35140000",
      "interestAndDebtExpense": "None",
      "netIncomeFromContinuingOperations": "89468000",
      "comprehensiveIncomeNetOfTax": "None",
      "ebit": "135508000",
      "ebitda": "159313000",
      "netIncome": "89468000"
    },
    {
      "fiscalDateEnding": "2010-12-31",
      "reportedCurrency": "USD",
      "grossProfit": "335638000",
      "totalRevenue": "394545000",
      "costOfRevenue": "58907000",
      "costofGoodsAndServicesSold": "58907000",
      "operatingIncome": "235873000",
      "sellingGeneralAndAdministrative": "28301000",
      "researchAndDevelopment": "71464000",
      "operatingExpenses": "99765000",
      "investmentIncomeNet": "None",
      "netInterestIncome": "None",
      "interestIncome": "None",
      "interestExpense": "0",
      "nonInterestIncome": "None",
      "otherNonOperatingIncome": "2574000",
      "depreciation": "None",
      "depreciationAndAmortization": "22125000",
      "incomeBeforeTax": "238447000",
      "incomeTaxExpense": "84831000",
      "interestAndDebtExpense": "None",
      "netIncomeFromContinuingOperations": "153616000",
      "comprehensiveIncomeNetOfTax": "None",
      "ebit": "235873000",
      "ebitda": "257998000",
      "netIncome": "153616000"
    },
    {
      "fiscalDateEnding": "2009-12-31",
      "reportedCurrency": "USD",
      "grossProfit": "258800000",
      "totalRevenue": "297404000",
      "costOfRevenue": "38604000",
      "costofGoodsAndServicesSold": "38604000",
      "operatingIncome": "113889000",
      "sellingGeneralAndAdministrative": "80904000",
      "researchAndDevelopment": "64007000",
      "operatingExpenses": "144911000",
      "investmentIncomeNet": "None",
      "netInterestIncome": "None",
      "interestIncome": "None",
      "interestExpense": "1186000",
      "nonInterestIncome": "None",
      "otherNonOperatingIncome": "None",
      "depreciation": "None",
      "depreciationAndAmortization": "22874000",
      "incomeBeforeTax": "112703000",
      "incomeTaxExpense": "25447000",
      "interestAndDebtExpense": "None",
      "netIncomeFromContinuingOperations": "None",
      "comprehensiveIncomeNetOfTax": "None",
      "ebit": "113889000",
      "ebitda": "136763000",
      "netIncome": "87256000"
    },
    {
      "fiscalDateEnding": "2008-12-31",
      "reportedCurrency": "USD",
      "grossProfit": "164977000",
      "totalRevenue": "228469000",
      "costOfRevenue": "63492000",
      "costofGoodsAndServicesSold": "63492000",
      "operatingIncome": "36533000",
      "sellingGeneralAndAdministrative": "26576000",
      "researchAndDevelopment": "98932000",
      "operatingExpenses": "128444000",
      "investmentIncomeNet": "None",
      "netInterestIncome": "None",
      "interestIncome": "None",
      "interestExpense": "1800000",
      "nonInterestIncome": "None",
      "otherNonOperatingIncome": "None",
      "depreciation": "None",
      "depreciationAndAmortization": "28851000",
      "incomeBeforeTax": "39962000",
      "incomeTaxExpense": "13755000",
      "interestAndDebtExpense": "None",
      "netIncomeFromContinuingOperations": "None",
      "comprehensiveIncomeNetOfTax": "None",
      "ebit": "32593000",
      "ebitda": "61444000",
      "netIncome": "26207000"
    },
    {
      "fiscalDateEnding": "2007-12-31",
      "reportedCurrency": "USD",
      "grossProfit": "166645000",
      "totalRevenue": "234232000",
      "costOfRevenue": "67587000",
      "costofGoodsAndServicesSold": "67587000",
      "operatingIncome": "23054000",
      "sellingGeneralAndAdministrative": "24210000",
      "researchAndDevelopment": "87141000",
      "operatingExpenses": "143591000",
      "investmentIncomeNet": "None",
      "netInterestIncome": "None",
      "interestIncome": "None",
      "interestExpense": "0",
      "nonInterestIncome": "None",
      "otherNonOperatingIncome": "None",
      "depreciation": "None",
      "depreciationAndAmortization": "21990000",
      "incomeBeforeTax": "32003000",
      "incomeTaxExpense": "11999000",
      "interestAndDebtExpense": "None",
      "netIncomeFromContinuingOperations": "None",
      "comprehensiveIncomeNetOfTax": "None",
      "ebit": "23054000",
      "ebitda": "45044000",
      "netIncome": "20004000"
    },
    {
      "fiscalDateEnding": "2006-12-31",
      "reportedCurrency": "USD",
      "grossProfit": "429406000",
      "totalRevenue": "480466000",
      "costOfRevenue": "51060000",
      "costofGoodsAndServicesSold": "51060000",
      "operatingIncome": "336416000",
      "sellingGeneralAndAdministrative": "128429000",
      "researchAndDevelopment": "65427000",
      "operatingExpenses": "92990000",
      "investmentIncomeNet": "None",
      "netInterestIncome": "None",
      "interestIncome": "None",
      "interestExpense": "0",
      "nonInterestIncome": "None",
      "otherNonOperatingIncome": "None",
      "depreciation": "None",
      "depreciationAndAmortization": "14621000",
      "incomeBeforeTax": "349611000",
      "incomeTaxExpense": "124389000",
      "interestAndDebtExpense": "None",
      "netIncomeFromContinuingOperations": "None",
      "comprehensiveIncomeNetOfTax": "None",
      "ebit": "336416000",
      "ebitda": "351037000",
      "netIncome": "225222000"
    },
    {
      "fiscalDateEnding": "2005-12-31",
      "reportedCurrency": "USD",
      "grossProfit": "163125000",
      "totalRevenue": "163125000",
      "costOfRevenue": "None",
      "costofGoodsAndServicesSold": "None",
      "operatingIncome": "17087000",
      "sellingGeneralAndAdministrative": "133137000",
      "researchAndDevelopment": "63095000",
      "operatingExpenses": "146038000",
      "investmentIncomeNet": "None",
      "netInterestIncome": "None",
      "interestIncome": "None",
      "interestExpense": "0",
      "nonInterestIncome": "None",
      "otherNonOperatingIncome": "None",
      "depreciation": "None",
      "depreciationAndAmortization": "11421000",
      "incomeBeforeTax": "20251000",
      "incomeTaxExpense": "-34434000",
      "interestAndDebtExpense": "None",
      "netIncomeFromContinuingOperations": "None",
      "comprehensiveIncomeNetOfTax": "None",
      "ebit": "17087000",
      "ebitda": "28508000",
      "netIncome": "54685000"
    }
  ],
  "quarterlyReports": [
    {
      "fiscalDateEnding": "2025-06-30",
      "reportedCurrency": "USD",
      "grossProfit": "276687000",
      "totalRevenue": "300596000",
      "costOfRevenue": "23909000",
      "costofGoodsAndServicesSold": "23909000",
      "operatingIncome": "205427000",
      "sellingGeneralAndAdministrative": "17586000",
      "researchAndDevelopment": "53674000",
      "operatingExpenses": "71260000",
      "investmentIncomeNet": "None",
      "netInterestIncome": "-709000",
      "interestIncome": "8828000",
      "interestExpense": "9537000",
      "nonInterestIncome": "None",
      "otherNonOperatingIncome": "None",
      "depreciation": "None",
      "depreciationAndAmortization": "19465000",
      "incomeBeforeTax": "211034000",
      "incomeTaxExpense": "30466000",
      "interestAndDebtExpense": "None",
      "netIncomeFromContinuingOperations": "180568000",
      "comprehensiveIncomeNetOfTax": "None",
      "ebit": "220571000",
      "ebitda": "240036000",
      "netIncome": "180568000"
    },
    {
      "fiscalDateEnding": "2025-03-31",
      "reportedCurrency": "USD",
      "grossProfit": "192830000",
      "totalRevenue": "210507000",
      "costOfRevenue": "17677000",
      "costofGoodsAndServicesSold": "17677000",
      "operatingIncome": "131832000",
      "sellingGeneralAndAdministrative": "13568000",
      "researchAndDevelopment": "47430000",
      "operatingExpenses": "60998000",
      "investmentIncomeNet": "None",
      "netInterestIncome": "-607000",
      "interestIncome": "9264000",
      "interestExpense": "9871000",
      "nonInterestIncome": "None",
      "otherNonOperatingIncome": "None",
      "depreciation": "None",
      "depreciationAndAmortization": "9484000",
      "incomeBeforeTax": "132219000",
      "incomeTaxExpense": "16617000",
      "interestAndDebtExpense": "None",
      "netIncomeFromContinuingOperations": "115602000",
      "comprehensiveIncomeNetOfTax": "None",
      "ebit": "122348000",
      "ebitda": "131832000",
      "netIncome": "115602000"
    },
    {
      "fiscalDateEnding": "2024-12-31",
      "reportedCurrency": "USD",
      "grossProfit": "232775000",
      "totalRevenue": "252802000",
      "costOfRevenue": "20027000",
      "costofGoodsAndServicesSold": "20027000",
      "operatingIncome": "162526000",
      "sellingGeneralAndAdministrative": "21197000",
      "researchAndDevelopment": "49052000",
      "operatingExpenses": "70249000",
      "investmentIncomeNet": "None",
      "netInterestIncome": "-2018000",
      "interestIncome": "9317000",
      "interestExpense": "11335000",
      "nonInterestIncome": "None",
      "otherNonOperatingIncome": "None",
      "depreciation": "None",
      "depreciationAndAmortization": "17748000",
      "incomeBeforeTax": "153033000",
      "incomeTaxExpense": "19925000",
      "interestAndDebtExpense": "None",
      "netIncomeFromContinuingOperations": "133108000",
      "comprehensiveIncomeNetOfTax": "None",
      "ebit": "164368000",
      "ebitda": "182116000",
      "netIncome": "133108000"
    },
    {
      "fiscalDateEnding": "2024-09-30",
      "reportedCurrency": "USD",
      "grossProfit": "101212000",
      "totalRevenue": "128679000",
      "costOfRevenue": "27467000",
      "costofGoodsAndServicesSold": "27467000",
      "operatingIncome": "39342000",
      "sellingGeneralAndAdministrative": "13539000",
      "researchAndDevelopment": "48331000",
      "operatingExpenses": "61870000",
      "investmentIncomeNet": "None",
      "netInterestIncome": "-1506000",
      "interestIncome": "9175000",
      "interestExpense": "10681000",
      "nonInterestIncome": "None",
      "otherNonOperatingIncome": "None",
      "depreciation": "None",
      "depreciationAndAmortization": "17549000",
      "incomeBeforeTax": "41215000",
      "incomeTaxExpense": "7025000",
      "interestAndDebtExpense": "None",
      "netIncomeFromContinuingOperations": "34190000",
      "comprehensiveIncomeNetOfTax": "None",
      "ebit": "51896000",
      "ebitda": "69445000",
      "netIncome": "34190000"
    },
    {
      "fiscalDateEnding": "2024-06-30",
      "reportedCurrency": "USD",
      "grossProfit": "198337000",
      "totalRevenue": "223493000",
      "costOfRevenue": "25156000",
      "costofGoodsAndServicesSold": "25156000",
      "operatingIncome": "133906000",
      "sellingGeneralAndAdministrative": "14286000",
      "researchAndDevelopment": "50145000",
      "operatingExpenses": "64431000",
      "investmentIncomeNet": "None",
      "netInterestIncome": "-1358000",
      "interestIncome": "10125000",
      "interestExpense": "11483000",
      "nonInterestIncome": "None",
      "otherNonOperatingIncome": "None",
      "depreciation": "None",
      "depreciationAndAmortization": "17376000",
      "incomeBeforeTax": "134105000",
      "incomeTaxExpense": "24441000",
      "interestAndDebtExpense": "None",
      "netIncomeFromContinuingOperations": "109664000",
      "comprehensiveIncomeNetOfTax": "None",
      "ebit": "145588000",
      "ebitda": "162964000",
      "netIncome": "109664000"
    },
    {
      "fiscalDateEnding": "2024-03-31",
      "reportedCurrency": "USD",
      "grossProfit": "166953000",
      "totalRevenue": "263542000",
      "costOfRevenue": "96589000",
      "costofGoodsAndServicesSold": "96589000",
      "operatingIncome": "103738000",
      "sellingGeneralAndAdministrative": "13840000",
      "researchAndDevelopment": "49375000",
      "operatingExpenses": "63215000",
      "investmentIncomeNet": "None",
      "netInterestIncome": "-144000",
      "interestIncome": "11778000",
      "interestExpense": "11922000",
      "nonInterestIncome": "None",
      "otherNonOperatingIncome": "None",
      "depreciation": "None",
      "depreciationAndAmortization": "17240000",
      "incomeBeforeTax": "101063000",
      "incomeTaxExpense": "19411000",
      "interestAndDebtExpense": "None",
      "netIncomeFromContinuingOperations": "81652000",
      "comprehensiveIncomeNetOfTax": "None",
      "ebit": "112985000",
      "ebitda": "130225000",
      "netIncome": "81652000"
    },
    {
      "fiscalDateEnding": "2023-12-31",
      "reportedCurrency": "USD",
      "grossProfit": "85655000",
      "totalRevenue": "105518000",
      "costOfRevenue": "19863000",
      "costofGoodsAndServicesSold": "19863000",
      "operatingIncome": "25325000",
      "sellingGeneralAndAdministrative": "14605000",
      "researchAndDevelopment": "45725000",
      "operatingExpenses": "60330000",
      "investmentIncomeNet": "None",
      "netInterestIncome": "5025000",
      "interestIncome": "12931000",
      "interestExpense": "7906000",
      "nonInterestIncome": "None",
      "otherNonOperatingIncome": "None",
      "depreciation": "None",
      "depreciationAndAmortization": "19094000",
      "incomeBeforeTax": "32928000",
      "incomeTaxExpense": "-6158000",
      "interestAndDebtExpense": "None",
      "netIncomeFromContinuingOperations": "39086000",
      "comprehensiveIncomeNetOfTax": "None",
      "ebit": "40834000",
      "ebitda": "59928000",
      "netIncome": "39086000"
    },
    {
      "fiscalDateEnding": "2023-09-30",
      "reportedCurrency": "USD",
      "grossProfit": "118584000",
      "totalRevenue": "140106000",
      "costOfRevenue": "21522000",
      "costofGoodsAndServicesSold": "21522000",
      "operatingIncome": "53653000",
      "sellingGeneralAndAdministrative": "14678000",
      "researchAndDevelopment": "50253000",
      "operatingExpenses": "64931000",
      "investmentIncomeNet": "None",
      "netInterestIncome": "-920000",
      "interestIncome": "11763000",
      "interestExpense": "12683000",
      "nonInterestIncome": "None",
      "otherNonOperatingIncome": "None",
      "depreciation": "None",
      "depreciationAndAmortization": "19527000",
      "incomeBeforeTax": "55695000",
      "incomeTaxExpense": "8541000",
      "interestAndDebtExpense": "None",
      "netIncomeFromContinuingOperations": "47154000",
      "comprehensiveIncomeNetOfTax": "None",
      "ebit": "68378000",
      "ebitda": "87905000",
      "netIncome": "47941000"
    },
    {
      "fiscalDateEnding": "2023-06-30",
      "reportedCurrency": "USD",
      "grossProfit": "84947000",
      "totalRevenue": "101591000",
      "costOfRevenue": "16644000",
      "costofGoodsAndServicesSold": "16644000",
      "operatingIncome": "23376000",
      "sellingGeneralAndAdministrative": "11693000",
      "researchAndDevelopment": "49878000",
      "operatingExpenses": "61571000",
      "investmentIncomeNet": "None",
      "netInterestIncome": "-1887000",
      "interestIncome": "10254000",
      "interestExpense": "12141000",
      "nonInterestIncome": "None",
      "otherNonOperatingIncome": "14387000",
      "depreciation": "None",
      "depreciationAndAmortization": "19645000",
      "incomeBeforeTax": "25622000",
      "incomeTaxExpense": "4329000",
      "interestAndDebtExpense": "None",
      "netIncomeFromContinuingOperations": "21293000",
      "comprehensiveIncomeNetOfTax": "None",
      "ebit": "37763000",
      "ebitda": "57408000",
      "netIncome": "21783000"
    },
    {
      "fiscalDateEnding": "2023-03-31",
      "reportedCurrency": "USD",
      "grossProfit": "181005000",
      "totalRevenue": "202373000",
      "costOfRevenue": "21368000",
      "costofGoodsAndServicesSold": "21368000",
      "operatingIncome": "119261000",
      "sellingGeneralAndAdministrative": "12315000",
      "researchAndDevelopment": "49429000",
      "operatingExpenses": "61744000",
      "investmentIncomeNet": "None",
      "netInterestIncome": "-12087000",
      "interestIncome": "11680000",
      "interestExpense": "12087000",
      "nonInterestIncome": "None",
      "otherNonOperatingIncome": "13191000",
      "depreciation": "None",
      "depreciationAndAmortization": "19526000",
      "incomeBeforeTax": "120365000",
      "incomeTaxExpense": "16845000",
      "interestAndDebtExpense": "None",
      "netIncomeFromContinuingOperations": "103520000",
      "comprehensiveIncomeNetOfTax": "None",
      "ebit": "132452000",
      "ebitda": "151978000",
      "netIncome": "105259000"
    },
    {
      "fiscalDateEnding": "2022-12-31",
      "reportedCurrency": "USD",
      "grossProfit": "179868000",
      "totalRevenue": "117055000",
      "costOfRevenue": "-62813000",
      "costofGoodsAndServicesSold": "-62813000",
      "operatingIncome": "38594000",
      "sellingGeneralAndAdministrative": "12559000",
      "researchAndDevelopment": "128715000",
      "operatingExpenses": "141274000",
      "investmentIncomeNet": "None",
      "netInterestIncome": "-525000",
      "interestIncome": "9525000",
      "interestExpense": "10050000",
      "nonInterestIncome": "None",
      "otherNonOperatingIncome": "None",
      "depreciation": "None",
      "depreciationAndAmortization": "19422000",
      "incomeBeforeTax": "40196000",
      "incomeTaxExpense": "8190000",
      "interestAndDebtExpense": "None",
      "netIncomeFromContinuingOperations": "32006000",
      "comprehensiveIncomeNetOfTax": "None",
      "ebit": "50246000",
      "ebitda": "69668000",
      "netIncome": "32408000"
    },
    {
      "fiscalDateEnding": "2022-09-30",
      "reportedCurrency": "USD",
      "grossProfit": "96371000",
      "totalRevenue": "114764000",
      "costOfRevenue": "18393000",
      "costofGoodsAndServicesSold": "18393000",
      "operatingIncome": "31837000",
      "sellingGeneralAndAdministrative": "14418000",
      "researchAndDevelopment": "50116000",
      "operatingExpenses": "64534000",
      "investmentIncomeNet": "None",
      "netInterestIncome": "-3238000",
      "interestIncome": "4421000",
      "interestExpense": "7659000",
      "nonInterestIncome": "None",
      "otherNonOperatingIncome": "912000",
      "depreciation": "None",
      "depreciationAndAmortization": "18713000",
      "incomeBeforeTax": "25090000",
      "incomeTaxExpense": "3323000",
      "interestAndDebtExpense": "None",
      "netIncomeFromContinuingOperations": "21767000",
      "comprehensiveIncomeNetOfTax": "None",
      "ebit": "32749000",
      "ebitda": "51462000",
      "netIncome": "22222000"
    },
    {
      "fiscalDateEnding": "2022-06-30",
      "reportedCurrency": "USD",
      "grossProfit": "107331000",
      "totalRevenue": "124657000",
      "costOfRevenue": "17326000",
      "costofGoodsAndServicesSold": "17326000",
      "operatingIncome": "49900000",
      "sellingGeneralAndAdministrative": "9516000",
      "researchAndDevelopment": "45177000",
      "operatingExpenses": "57431000",
      "investmentIncomeNet": "None",
      "netInterestIncome": "-5975000",
      "interestIncome": "297000",
      "interestExpense": "6272000",
      "nonInterestIncome": "None",
      "otherNonOperatingIncome": "-15016000",
      "depreciation": "None",
      "depreciationAndAmortization": "21154000",
      "incomeBeforeTax": "28612000",
      "incomeTaxExpense": "8028000",
      "interestAndDebtExpense": "None",
      "netIncomeFromContinuingOperations": "20584000",
      "comprehensiveIncomeNetOfTax": "None",
      "ebit": "34884000",
      "ebitda": "56038000",
      "netIncome": "21069000"
    },
    {
      "fiscalDateEnding": "2022-03-31",
      "reportedCurrency": "USD",
      "grossProfit": "85788000",
      "totalRevenue": "101318000",
      "costOfRevenue": "15530000",
      "costofGoodsAndServicesSold": "15530000",
      "operatingIncome": "30185000",
      "sellingGeneralAndAdministrative": "10884000",
      "researchAndDevelopment": "44177000",
      "operatingExpenses": "55603000",
      "investmentIncomeNet": "None",
      "netInterestIncome": "-5306000",
      "interestIncome": "209000",
      "interestExpense": "5515000",
      "nonInterestIncome": "None",
      "otherNonOperatingIncome": "None",
      "depreciation": "None",
      "depreciationAndAmortization": "19282000",
      "incomeBeforeTax": "23665000",
      "incomeTaxExpense": "5961000",
      "interestAndDebtExpense": "None",
      "netIncomeFromContinuingOperations": "17704000",
      "comprehensiveIncomeNetOfTax": "None",
      "ebit": "29180000",
      "ebitda": "48462000",
      "netIncome": "17994000"
    },
    {
      "fiscalDateEnding": "2021-12-31",
      "reportedCurrency": "USD",
      "grossProfit": "69768000",
      "totalRevenue": "111815000",
      "costOfRevenue": "42047000",
      "costofGoodsAndServicesSold": "42047000",
      "operatingIncome": "25589000",
      "sellingGeneralAndAdministrative": "61217000",
      "researchAndDevelopment": "22369000",
      "operatingExpenses": "44179000",
      "investmentIncomeNet": "None",
      "netInterestIncome": "-5490000",
      "interestIncome": "306000",
      "interestExpense": "5796000",
      "nonInterestIncome": "None",
      "otherNonOperatingIncome": "None",
      "depreciation": "None",
      "depreciationAndAmortization": "19222000",
      "incomeBeforeTax": "29142000",
      "incomeTaxExpense": "9329000",
      "interestAndDebtExpense": "None",
      "netIncomeFromContinuingOperations": "19813000",
      "comprehensiveIncomeNetOfTax": "None",
      "ebit": "34938000",
      "ebitda": "54160000",
      "netIncome": "21878000"
    },
    {
      "fiscalDateEnding": "2021-09-30",
      "reportedCurrency": "USD",
      "grossProfit": "87346000",
      "totalRevenue": "143496000",
      "costOfRevenue": "56150000",
      "costofGoodsAndServicesSold": "56150000",
      "operatingIncome": "36777000",
      "sellingGeneralAndAdministrative": "20978000",
      "researchAndDevelopment": "22546000",
      "operatingExpenses": "50569000",
      "investmentIncomeNet": "None",
      "netInterestIncome": "-5388000",
      "interestIncome": "385000",
      "interestExpense": "5773000",
      "nonInterestIncome": "None",
      "otherNonOperatingIncome": "None",
      "depreciation": "None",
      "depreciationAndAmortization": "19421000",
      "incomeBeforeTax": "29467000",
      "incomeTaxExpense": "4253000",
      "interestAndDebtExpense": "None",
      "netIncomeFromContinuingOperations": "25214000",
      "comprehensiveIncomeNetOfTax": "None",
      "ebit": "35240000",
      "ebitda": "54661000",
      "netIncome": "26228000"
    },
    {
      "fiscalDateEnding": "2021-06-30",
      "reportedCurrency": "USD",
      "grossProfit": "46765000",
      "totalRevenue": "87735000",
      "costOfRevenue": "40970000",
      "costofGoodsAndServicesSold": "40970000",
      "operatingIncome": "-3149000",
      "sellingGeneralAndAdministrative": "14799000",
      "researchAndDevelopment": "21870000",
      "operatingExpenses": "49914000",
      "investmentIncomeNet": "None",
      "netInterestIncome": "-6220000",
      "interestIncome": "446000",
      "interestExpense": "6666000",
      "nonInterestIncome": "None",
      "otherNonOperatingIncome": "None",
      "depreciation": "None",
      "depreciationAndAmortization": "19689000",
      "incomeBeforeTax": "-6776000",
      "incomeTaxExpense": "21000",
      "interestAndDebtExpense": "None",
      "netIncomeFromContinuingOperations": "-6797000",
      "comprehensiveIncomeNetOfTax": "None",
      "ebit": "-110000",
      "ebitda": "19579000",
      "netIncome": "1618000"
    },
    {
      "fiscalDateEnding": "2021-03-31",
      "reportedCurrency": "USD",
      "grossProfit": "45789000",
      "totalRevenue": "82363000",
      "costOfRevenue": "36574000",
      "costofGoodsAndServicesSold": "36574000",
      "operatingIncome": "11989000",
      "sellingGeneralAndAdministrative": "11217000",
      "researchAndDevelopment": "22583000",
      "operatingExpenses": "33800000",
      "investmentIncomeNet": "None",
      "netInterestIncome": "-6437000",
      "interestIncome": "553000",
      "interestExpense": "6990000",
      "nonInterestIncome": "None",
      "otherNonOperatingIncome": "None",
      "depreciation": "None",
      "depreciationAndAmortization": "19861000",
      "incomeBeforeTax": "5723000",
      "incomeTaxExpense": "1765000",
      "interestAndDebtExpense": "None",
      "netIncomeFromContinuingOperations": "3958000",
      "comprehensiveIncomeNetOfTax": "None",
      "ebit": "12713000",
      "ebitda": "32574000",
      "netIncome": "5571000"
    },
    {
      "fiscalDateEnding": "2020-12-31",
      "reportedCurrency": "USD",
      "grossProfit": "39779000",
      "totalRevenue": "90790000",
      "costOfRevenue": "51011000",
      "costofGoodsAndServicesSold": "51011000",
      "operatingIncome": "3140000",
      "sellingGeneralAndAdministrative": "48999000",
      "researchAndDevelopment": "22891000",
      "operatingExpenses": "36639000",
      "investmentIncomeNet": "None",
      "netInterestIncome": "-9301000",
      "interestIncome": "617000",
      "interestExpense": "9918000",
      "nonInterestIncome": "None",
      "otherNonOperatingIncome": "None",
      "depreciation": "None",
      "depreciationAndAmortization": "20014000",
      "incomeBeforeTax": "-3660000",
      "incomeTaxExpense": "-769000",
      "interestAndDebtExpense": "None",
      "netIncomeFromContinuingOperations": "-2891000",
      "comprehensiveIncomeNetOfTax": "None",
      "ebit": "6258000",
      "ebitda": "26272000",
      "netIncome": "-1350000"
    },
    {
      "fiscalDateEnding": "2020-09-30",
      "reportedCurrency": "USD",
      "grossProfit": "47129000",
      "totalRevenue": "87493000",
      "costOfRevenue": "40364000",
      "costofGoodsAndServicesSold": "40364000",
      "operatingIncome": "15430000",
      "sellingGeneralAndAdministrative": "10854000",
      "researchAndDevelopment": "20845000",
      "operatingExpenses": "31699000",
      "investmentIncomeNet": "None",
      "netInterestIncome": "-9540000",
      "interestIncome": "825000",
      "interestExpense": "10365000",
      "nonInterestIncome": "None",
      "otherNonOperatingIncome": "None",
      "depreciation": "None",
      "depreciationAndAmortization": "20660000",
      "incomeBeforeTax": "9059000",
      "incomeTaxExpense": "-12843000",
      "interestAndDebtExpense": "None",
      "netIncomeFromContinuingOperations": "21902000",
      "comprehensiveIncomeNetOfTax": "None",
      "ebit": "19424000",
      "ebitda": "40084000",
      "netIncome": "23784000"
    },
    {
      "fiscalDateEnding": "2020-06-30",
      "reportedCurrency": "USD",
      "grossProfit": "65803000",
      "totalRevenue": "104498000",
      "costOfRevenue": "38695000",
      "costofGoodsAndServicesSold": "38695000",
      "operatingIncome": "31917000",
      "sellingGeneralAndAdministrative": "11794000",
      "researchAndDevelopment": "22092000",
      "operatingExpenses": "33886000",
      "investmentIncomeNet": "None",
      "netInterestIncome": "-8629000",
      "interestIncome": "1342000",
      "interestExpense": "9971000",
      "nonInterestIncome": "None",
      "otherNonOperatingIncome": "None",
      "depreciation": "None",
      "depreciationAndAmortization": "21207000",
      "incomeBeforeTax": "25735000",
      "incomeTaxExpense": "5144000",
      "interestAndDebtExpense": "None",
      "netIncomeFromContinuingOperations": "20591000",
      "comprehensiveIncomeNetOfTax": "None",
      "ebit": "35706000",
      "ebitda": "56913000",
      "netIncome": "22251000"
    },
    {
      "fiscalDateEnding": "2020-03-31",
      "reportedCurrency": "USD",
      "grossProfit": "36102000",
      "totalRevenue": "76210000",
      "costOfRevenue": "40108000",
      "costofGoodsAndServicesSold": "40108000",
      "operatingIncome": "4681000",
      "sellingGeneralAndAdministrative": "12603000",
      "researchAndDevelopment": "18818000",
      "operatingExpenses": "31421000",
      "investmentIncomeNet": "None",
      "netInterestIncome": "-7668000",
      "interestIncome": "2877000",
      "interestExpense": "10545000",
      "nonInterestIncome": "None",
      "otherNonOperatingIncome": "None",
      "depreciation": "None",
      "depreciationAndAmortization": "19160000",
      "incomeBeforeTax": "159000",
      "incomeTaxExpense": "1820000",
      "interestAndDebtExpense": "None",
      "netIncomeFromContinuingOperations": "-1661000",
      "comprehensiveIncomeNetOfTax": "None",
      "ebit": "10704000",
      "ebitda": "29864000",
      "netIncome": "116000"
    },
    {
      "fiscalDateEnding": "2019-12-31",
      "reportedCurrency": "USD",
      "grossProfit": "55417000",
      "totalRevenue": "102161000",
      "costOfRevenue": "46744000",
      "costofGoodsAndServicesSold": "46744000",
      "operatingIncome": "25296000",
      "sellingGeneralAndAdministrative": "11289000",
      "researchAndDevelopment": "18832000",
      "operatingExpenses": "30121000",
      "investmentIncomeNet": "None",
      "netInterestIncome": "-6832000",
      "interestIncome": "3818000",
      "interestExpense": "10650000",
      "nonInterestIncome": "None",
      "otherNonOperatingIncome": "29062000",
      "depreciation": "None",
      "depreciationAndAmortization": "20187000",
      "incomeBeforeTax": "19936000",
      "incomeTaxExpense": "7984000",
      "interestAndDebtExpense": "None",
      "netIncomeFromContinuingOperations": "11952000",
      "comprehensiveIncomeNetOfTax": "None",
      "ebit": "30586000",
      "ebitda": "50773000",
      "netIncome": "13754000"
    },
    {
      "fiscalDateEnding": "2019-09-30",
      "reportedCurrency": "USD",
      "grossProfit": "37751000",
      "totalRevenue": "72523000",
      "costOfRevenue": "34772000",
      "costofGoodsAndServicesSold": "34772000",
      "operatingIncome": "3774000",
      "sellingGeneralAndAdministrative": "13471000",
      "researchAndDevelopment": "20506000",
      "operatingExpenses": "33977000",
      "investmentIncomeNet": "None",
      "netInterestIncome": "-7236000",
      "interestIncome": "3684000",
      "interestExpense": "10920000",
      "nonInterestIncome": "None",
      "otherNonOperatingIncome": "None",
      "depreciation": "None",
      "depreciationAndAmortization": "19265000",
      "incomeBeforeTax": "657000",
      "incomeTaxExpense": "-178000",
      "interestAndDebtExpense": "None",
      "netIncomeFromContinuingOperations": "835000",
      "comprehensiveIncomeNetOfTax": "None",
      "ebit": "11577000",
      "ebitda": "30842000",
      "netIncome": "2234000"
    },
    {
      "fiscalDateEnding": "2019-06-30",
      "reportedCurrency": "USD",
      "grossProfit": "38256000",
      "totalRevenue": "75609000",
      "costOfRevenue": "37353000",
      "costofGoodsAndServicesSold": "37353000",
      "operatingIncome": "8915000",
      "sellingGeneralAndAdministrative": "12314000",
      "researchAndDevelopment": "17027000",
      "operatingExpenses": "29341000",
      "investmentIncomeNet": "None",
      "netInterestIncome": "-6315000",
      "interestIncome": "3592000",
      "interestExpense": "9907000",
      "nonInterestIncome": "None",
      "otherNonOperatingIncome": "None",
      "depreciation": "None",
      "depreciationAndAmortization": "19128000",
      "incomeBeforeTax": "11362000",
      "incomeTaxExpense": "4984000",
      "interestAndDebtExpense": "None",
      "netIncomeFromContinuingOperations": "6378000",
      "comprehensiveIncomeNetOfTax": "None",
      "ebit": "21269000",
      "ebitda": "40397000",
      "netIncome": "7743000"
    },
    {
      "fiscalDateEnding": "2019-03-31",
      "reportedCurrency": "USD",
      "grossProfit": "32560000",
      "totalRevenue": "68631000",
      "costOfRevenue": "36071000",
      "costofGoodsAndServicesSold": "36071000",
      "operatingIncome": "-150000",
      "sellingGeneralAndAdministrative": "14215000",
      "researchAndDevelopment": "18495000",
      "operatingExpenses": "32710000",
      "investmentIncomeNet": "None",
      "netInterestIncome": "-5582000",
      "interestIncome": "5582000",
      "interestExpense": "9478000",
      "nonInterestIncome": "None",
      "otherNonOperatingIncome": "None",
      "depreciation": "None",
      "depreciationAndAmortization": "18514000",
      "incomeBeforeTax": "-6013000",
      "incomeTaxExpense": "-1799000",
      "interestAndDebtExpense": "None",
      "netIncomeFromContinuingOperations": "-4214000",
      "comprehensiveIncomeNetOfTax": "None",
      "ebit": "3465000",
      "ebitda": "21979000",
      "netIncome": "-2803000"
    },
    {
      "fiscalDateEnding": "2018-12-31",
      "reportedCurrency": "USD",
      "grossProfit": "36725000",
      "totalRevenue": "75326000",
      "costOfRevenue": "38601000",
      "costofGoodsAndServicesSold": "38601000",
      "operatingIncome": "3845000",
      "sellingGeneralAndAdministrative": "12461000",
      "researchAndDevelopment": "20419000",
      "operatingExpenses": "32880000",
      "investmentIncomeNet": "None",
      "netInterestIncome": "None",
      "interestIncome": "None",
      "interestExpense": "8714000",
      "nonInterestIncome": "None",
      "otherNonOperatingIncome": "-30537000",
      "depreciation": "None",
      "depreciationAndAmortization": "19084000",
      "incomeBeforeTax": "-1556000",
      "incomeTaxExpense": "-2416000",
      "interestAndDebtExpense": "None",
      "netIncomeFromContinuingOperations": "860000",
      "comprehensiveIncomeNetOfTax": "None",
      "ebit": "7158000",
      "ebitda": "26242000",
      "netIncome": "1830000"
    },
    {
      "fiscalDateEnding": "2018-09-30",
      "reportedCurrency": "USD",
      "grossProfit": "43002000",
      "totalRevenue": "75079000",
      "costOfRevenue": "32077000",
      "costofGoodsAndServicesSold": "32077000",
      "operatingIncome": "12920000",
      "sellingGeneralAndAdministrative": "12806000",
      "researchAndDevelopment": "17276000",
      "operatingExpenses": "30082000",
      "investmentIncomeNet": "None",
      "netInterestIncome": "None",
      "interestIncome": "None",
      "interestExpense": "9039000",
      "nonInterestIncome": "None",
      "otherNonOperatingIncome": "None",
      "depreciation": "None",
      "depreciationAndAmortization": "17686000",
      "incomeBeforeTax": "-1033000",
      "incomeTaxExpense": "-21143000",
      "interestAndDebtExpense": "None",
      "netIncomeFromContinuingOperations": "20110000",
      "comprehensiveIncomeNetOfTax": "None",
      "ebit": "8006000",
      "ebitda": "25692000",
      "netIncome": "21752000"
    },
    {
      "fiscalDateEnding": "2018-06-30",
      "reportedCurrency": "USD",
      "grossProfit": "43068000",
      "totalRevenue": "69555000",
      "costOfRevenue": "26487000",
      "costofGoodsAndServicesSold": "26487000",
      "operatingIncome": "15680000",
      "sellingGeneralAndAdministrative": "11559000",
      "researchAndDevelopment": "15829000",
      "operatingExpenses": "27388000",
      "investmentIncomeNet": "None",
      "netInterestIncome": "None",
      "interestIncome": "None",
      "interestExpense": "8960000",
      "nonInterestIncome": "None",
      "otherNonOperatingIncome": "None",
      "depreciation": "None",
      "depreciationAndAmortization": "14639000",
      "incomeBeforeTax": "10833000",
      "incomeTaxExpense": "1057000",
      "interestAndDebtExpense": "None",
      "netIncomeFromContinuingOperations": "9776000",
      "comprehensiveIncomeNetOfTax": "None",
      "ebit": "19793000",
      "ebitda": "34432000",
      "netIncome": "10966000"
    },
    {
      "fiscalDateEnding": "2018-03-31",
      "reportedCurrency": "USD",
      "grossProfit": "60528000",
      "totalRevenue": "87444000",
      "costOfRevenue": "26916000",
      "costofGoodsAndServicesSold": "26916000",
      "operatingIncome": "30150000",
      "sellingGeneralAndAdministrative": "14204000",
      "researchAndDevelopment": "16174000",
      "operatingExpenses": "30378000",
      "investmentIncomeNet": "None",
      "netInterestIncome": "None",
      "interestIncome": "None",
      "interestExpense": "9243000",
      "nonInterestIncome": "None",
      "otherNonOperatingIncome": "None",
      "depreciation": "None",
      "depreciationAndAmortization": "14699000",
      "incomeBeforeTax": "23814000",
      "incomeTaxExpense": "-4915000",
      "interestAndDebtExpense": "None",
      "netIncomeFromContinuingOperations": "28729000",
      "comprehensiveIncomeNetOfTax": "None",
      "ebit": "33057000",
      "ebitda": "47756000",
      "netIncome": "30230000"
    },
    {
      "fiscalDateEnding": "2017-12-31",
      "reportedCurrency": "USD",
      "grossProfit": "177706000",
      "totalRevenue": "205304000",
      "costOfRevenue": "27598000",
      "costofGoodsAndServicesSold": "27598000",
      "operatingIncome": "145704000",
      "sellingGeneralAndAdministrative": "13522000",
      "researchAndDevelopment": "18480000",
      "operatingExpenses": "32002000",
      "investmentIncomeNet": "None",
      "netInterestIncome": "None",
      "interestIncome": "None",
      "interestExpense": "4537000",
      "nonInterestIncome": "None",
      "otherNonOperatingIncome": "-9105000",
      "depreciation": "None",
      "depreciationAndAmortization": "14244000",
      "incomeBeforeTax": "143930000",
      "incomeTaxExpense": "92263000",
      "interestAndDebtExpense": "None",
      "netIncomeFromContinuingOperations": "51667000",
      "comprehensiveIncomeNetOfTax": "None",
      "ebit": "148467000",
      "ebitda": "162711000",
      "netIncome": "52502000"
    },
    {
      "fiscalDateEnding": "2017-09-30",
      "reportedCurrency": "USD",
      "grossProfit": "70808000",
      "totalRevenue": "97325000",
      "costOfRevenue": "26517000",
      "costofGoodsAndServicesSold": "26517000",
      "operatingIncome": "40875000",
      "sellingGeneralAndAdministrative": "11853000",
      "researchAndDevelopment": "17293000",
      "operatingExpenses": "29933000",
      "investmentIncomeNet": "None",
      "netInterestIncome": "None",
      "interestIncome": "None",
      "interestExpense": "4480000",
      "nonInterestIncome": "None",
      "otherNonOperatingIncome": "None",
      "depreciation": "None",
      "depreciationAndAmortization": "14554000",
      "incomeBeforeTax": "38688000",
      "incomeTaxExpense": "3963000",
      "interestAndDebtExpense": "None",
      "netIncomeFromContinuingOperations": "34725000",
      "comprehensiveIncomeNetOfTax": "None",
      "ebit": "43168000",
      "ebitda": "57722000",
      "netIncome": "35536000"
    },
    {
      "fiscalDateEnding": "2017-06-30",
      "reportedCurrency": "USD",
      "grossProfit": "112547000",
      "totalRevenue": "135779000",
      "costOfRevenue": "23232000",
      "costofGoodsAndServicesSold": "23232000",
      "operatingIncome": "80948000",
      "sellingGeneralAndAdministrative": "11569000",
      "researchAndDevelopment": "19098000",
      "operatingExpenses": "31599000",
      "investmentIncomeNet": "None",
      "netInterestIncome": "None",
      "interestIncome": "None",
      "interestExpense": "4442000",
      "nonInterestIncome": "None",
      "otherNonOperatingIncome": "None",
      "depreciation": "None",
      "depreciationAndAmortization": "13727000",
      "incomeBeforeTax": "78618000",
      "incomeTaxExpense": "27074000",
      "interestAndDebtExpense": "None",
      "netIncomeFromContinuingOperations": "51544000",
      "comprehensiveIncomeNetOfTax": "None",
      "ebit": "83060000",
      "ebitda": "96787000",
      "netIncome": "52499000"
    },
    {
      "fiscalDateEnding": "2017-03-31",
      "reportedCurrency": "USD",
      "grossProfit": "67650000",
      "totalRevenue": "94530000",
      "costOfRevenue": "26880000",
      "costofGoodsAndServicesSold": "26880000",
      "operatingIncome": "33968000",
      "sellingGeneralAndAdministrative": "12634000",
      "researchAndDevelopment": "19781000",
      "operatingExpenses": "33682000",
      "investmentIncomeNet": "None",
      "netInterestIncome": "None",
      "interestIncome": "None",
      "interestExpense": "4386000",
      "nonInterestIncome": "None",
      "otherNonOperatingIncome": "None",
      "depreciation": "None",
      "depreciationAndAmortization": "14528000",
      "incomeBeforeTax": "31154000",
      "incomeTaxExpense": "-1624000",
      "interestAndDebtExpense": "None",
      "netIncomeFromContinuingOperations": "32778000",
      "comprehensiveIncomeNetOfTax": "None",
      "ebit": "35540000",
      "ebitda": "50068000",
      "netIncome": "33756000"
    },
    {
      "fiscalDateEnding": "2016-12-31",
      "reportedCurrency": "USD",
      "grossProfit": "241925000",
      "totalRevenue": "273868000",
      "costOfRevenue": "31943000",
      "costofGoodsAndServicesSold": "31943000",
      "operatingIncome": "209149000",
      "sellingGeneralAndAdministrative": "14481000",
      "researchAndDevelopment": "18295000",
      "operatingExpenses": "32776000",
      "investmentIncomeNet": "None",
      "netInterestIncome": "None",
      "interestIncome": "None",
      "interestExpense": "4358000",
      "nonInterestIncome": "None",
      "otherNonOperatingIncome": "-15035000",
      "depreciation": "None",
      "depreciationAndAmortization": "13603000",
      "incomeBeforeTax": "205755000",
      "incomeTaxExpense": "69978000",
      "interestAndDebtExpense": "None",
      "netIncomeFromContinuingOperations": "135777000",
      "comprehensiveIncomeNetOfTax": "None",
      "ebit": "210113000",
      "ebitda": "223716000",
      "netIncome": "136470000"
    },
    {
      "fiscalDateEnding": "2016-09-30",
      "reportedCurrency": "USD",
      "grossProfit": "182158000",
      "totalRevenue": "208307000",
      "costOfRevenue": "26149000",
      "costofGoodsAndServicesSold": "26149000",
      "operatingIncome": "156718000",
      "sellingGeneralAndAdministrative": "9880000",
      "researchAndDevelopment": "15560000",
      "operatingExpenses": "25440000",
      "investmentIncomeNet": "None",
      "netInterestIncome": "None",
      "interestIncome": "None",
      "interestExpense": "4305000",
      "nonInterestIncome": "None",
      "otherNonOperatingIncome": "None",
      "depreciation": "None",
      "depreciationAndAmortization": "13208000",
      "incomeBeforeTax": "152920000",
      "incomeTaxExpense": "49397000",
      "interestAndDebtExpense": "None",
      "netIncomeFromContinuingOperations": "103523000",
      "comprehensiveIncomeNetOfTax": "None",
      "ebit": "157225000",
      "ebitda": "170433000",
      "netIncome": "104466000"
    },
    {
      "fiscalDateEnding": "2016-06-30",
      "reportedCurrency": "USD",
      "grossProfit": "47630000",
      "totalRevenue": "75915000",
      "costOfRevenue": "28285000",
      "costofGoodsAndServicesSold": "28285000",
      "operatingIncome": "23083000",
      "sellingGeneralAndAdministrative": "9938000",
      "researchAndDevelopment": "14609000",
      "operatingExpenses": "24547000",
      "investmentIncomeNet": "None",
      "netInterestIncome": "None",
      "interestIncome": "None",
      "interestExpense": "4278000",
      "nonInterestIncome": "None",
      "otherNonOperatingIncome": "None",
      "depreciation": "None",
      "depreciationAndAmortization": "13066000",
      "incomeBeforeTax": "22377000",
      "incomeTaxExpense": "-16652000",
      "interestAndDebtExpense": "None",
      "netIncomeFromContinuingOperations": "39994000",
      "comprehensiveIncomeNetOfTax": "None",
      "ebit": "26655000",
      "ebitda": "39721000",
      "netIncome": "39994000"
    },
    {
      "fiscalDateEnding": "2016-03-31",
      "reportedCurrency": "USD",
      "grossProfit": "80597000",
      "totalRevenue": "107764000",
      "costOfRevenue": "27167000",
      "costofGoodsAndServicesSold": "27167000",
      "operatingIncome": "48356000",
      "sellingGeneralAndAdministrative": "11972000",
      "researchAndDevelopment": "20269000",
      "operatingExpenses": "32241000",
      "investmentIncomeNet": "None",
      "netInterestIncome": "None",
      "interestIncome": "None",
      "interestExpense": "8185000",
      "nonInterestIncome": "None",
      "otherNonOperatingIncome": "None",
      "depreciation": "None",
      "depreciationAndAmortization": "12876000",
      "incomeBeforeTax": "41219000",
      "incomeTaxExpense": "14068000",
      "interestAndDebtExpense": "None",
      "netIncomeFromContinuingOperations": "27151000",
      "comprehensiveIncomeNetOfTax": "None",
      "ebit": "49404000",
      "ebitda": "62280000",
      "netIncome": "28071000"
    },
    {
      "fiscalDateEnding": "2015-12-31",
      "reportedCurrency": "USD",
      "grossProfit": "82897000",
      "totalRevenue": "112098000",
      "costOfRevenue": "29201000",
      "costofGoodsAndServicesSold": "29201000",
      "operatingIncome": "53340000",
      "sellingGeneralAndAdministrative": "9790000",
      "researchAndDevelopment": "19767000",
      "operatingExpenses": "29557000",
      "investmentIncomeNet": "None",
      "netInterestIncome": "None",
      "interestIncome": "None",
      "interestExpense": "8462000",
      "nonInterestIncome": "None",
      "otherNonOperatingIncome": "-27534000",
      "depreciation": "None",
      "depreciationAndAmortization": "12479000",
      "incomeBeforeTax": "46896000",
      "incomeTaxExpense": "14577000",
      "interestAndDebtExpense": "None",
      "netIncomeFromContinuingOperations": "32319000",
      "comprehensiveIncomeNetOfTax": "None",
      "ebit": "55358000",
      "ebitda": "67837000",
      "netIncome": "33038000"
    },
    {
      "fiscalDateEnding": "2015-09-30",
      "reportedCurrency": "USD",
      "grossProfit": "72045000",
      "totalRevenue": "100408000",
      "costOfRevenue": "28363000",
      "costofGoodsAndServicesSold": "28363000",
      "operatingIncome": "45387000",
      "sellingGeneralAndAdministrative": "10040000",
      "researchAndDevelopment": "16618000",
      "operatingExpenses": "26658000",
      "investmentIncomeNet": "None",
      "netInterestIncome": "None",
      "interestIncome": "None",
      "interestExpense": "8331000",
      "nonInterestIncome": "None",
      "otherNonOperatingIncome": "None",
      "depreciation": "None",
      "depreciationAndAmortization": "11891000",
      "incomeBeforeTax": "37279000",
      "incomeTaxExpense": "13491000",
      "interestAndDebtExpense": "None",
      "netIncomeFromContinuingOperations": "23788000",
      "comprehensiveIncomeNetOfTax": "None",
      "ebit": "45610000",
      "ebitda": "57501000",
      "netIncome": "24520000"
    },
    {
      "fiscalDateEnding": "2015-06-30",
      "reportedCurrency": "USD",
      "grossProfit": "87339000",
      "totalRevenue": "118551000",
      "costOfRevenue": "31212000",
      "costofGoodsAndServicesSold": "31212000",
      "operatingIncome": "58578000",
      "sellingGeneralAndAdministrative": "10435000",
      "researchAndDevelopment": "18326000",
      "operatingExpenses": "28761000",
      "investmentIncomeNet": "None",
      "netInterestIncome": "None",
      "interestIncome": "None",
      "interestExpense": "8151000",
      "nonInterestIncome": "None",
      "otherNonOperatingIncome": "None",
      "depreciation": "None",
      "depreciationAndAmortization": "11783000",
      "incomeBeforeTax": "50832000",
      "incomeTaxExpense": "18877000",
      "interestAndDebtExpense": "None",
      "netIncomeFromContinuingOperations": "31955000",
      "comprehensiveIncomeNetOfTax": "None",
      "ebit": "58983000",
      "ebitda": "70766000",
      "netIncome": "32602000"
    },
    {
      "fiscalDateEnding": "2015-03-31",
      "reportedCurrency": "USD",
      "grossProfit": "78753000",
      "totalRevenue": "110378000",
      "costOfRevenue": "31625000",
      "costofGoodsAndServicesSold": "31625000",
      "operatingIncome": "51244000",
      "sellingGeneralAndAdministrative": "9518000",
      "researchAndDevelopment": "17991000",
      "operatingExpenses": "27509000",
      "investmentIncomeNet": "None",
      "netInterestIncome": "None",
      "interestIncome": "None",
      "interestExpense": "5473000",
      "nonInterestIncome": "None",
      "otherNonOperatingIncome": "None",
      "depreciation": "None",
      "depreciationAndAmortization": "11640000",
      "incomeBeforeTax": "46008000",
      "incomeTaxExpense": "17676000",
      "interestAndDebtExpense": "None",
      "netIncomeFromContinuingOperations": "28332000",
      "comprehensiveIncomeNetOfTax": "None",
      "ebit": "51481000",
      "ebitda": "63121000",
      "netIncome": "29065000"
    },
    {
      "fiscalDateEnding": "2014-12-31",
      "reportedCurrency": "USD",
      "grossProfit": "49934000",
      "totalRevenue": "86121000",
      "costOfRevenue": "36187000",
      "costofGoodsAndServicesSold": "36187000",
      "operatingIncome": "25288000",
      "sellingGeneralAndAdministrative": "6880000",
      "researchAndDevelopment": "17766000",
      "operatingExpenses": "24646000",
      "investmentIncomeNet": "None",
      "netInterestIncome": "None",
      "interestIncome": "None",
      "interestExpense": "4084000",
      "nonInterestIncome": "None",
      "otherNonOperatingIncome": "-11468000",
      "depreciation": "None",
      "depreciationAndAmortization": "11524000",
      "incomeBeforeTax": "20589000",
      "incomeTaxExpense": "7361000",
      "interestAndDebtExpense": "None",
      "netIncomeFromContinuingOperations": "16128000",
      "comprehensiveIncomeNetOfTax": "None",
      "ebit": "24673000",
      "ebitda": "36197000",
      "netIncome": "13790000"
    },
    {
      "fiscalDateEnding": "2014-09-30",
      "reportedCurrency": "USD",
      "grossProfit": "43699000",
      "totalRevenue": "77622000",
      "costOfRevenue": "33923000",
      "costofGoodsAndServicesSold": "33923000",
      "operatingIncome": "15341000",
      "sellingGeneralAndAdministrative": "9636000",
      "researchAndDevelopment": "19072000",
      "operatingExpenses": "28358000",
      "investmentIncomeNet": "None",
      "netInterestIncome": "None",
      "interestIncome": "None",
      "interestExpense": "4018000",
      "nonInterestIncome": "None",
      "otherNonOperatingIncome": "None",
      "depreciation": "None",
      "depreciationAndAmortization": "12350000",
      "incomeBeforeTax": "12174000",
      "incomeTaxExpense": "-461000",
      "interestAndDebtExpense": "None",
      "netIncomeFromContinuingOperations": "12635000",
      "comprehensiveIncomeNetOfTax": "None",
      "ebit": "16192000",
      "ebitda": "28542000",
      "netIncome": "13512000"
    },
    {
      "fiscalDateEnding": "2014-06-30",
      "reportedCurrency": "USD",
      "grossProfit": "162962000",
      "totalRevenue": "194234000",
      "costOfRevenue": "31272000",
      "costofGoodsAndServicesSold": "31272000",
      "operatingIncome": "128372000",
      "sellingGeneralAndAdministrative": "12085000",
      "researchAndDevelopment": "22901000",
      "operatingExpenses": "34590000",
      "investmentIncomeNet": "None",
      "netInterestIncome": "None",
      "interestIncome": "None",
      "interestExpense": "4018000",
      "nonInterestIncome": "None",
      "otherNonOperatingIncome": "None",
      "depreciation": "None",
      "depreciationAndAmortization": "9021000",
      "incomeBeforeTax": "124770000",
      "incomeTaxExpense": "46658000",
      "interestAndDebtExpense": "None",
      "netIncomeFromContinuingOperations": "78112000",
      "comprehensiveIncomeNetOfTax": "None",
      "ebit": "128788000",
      "ebitda": "137809000",
      "netIncome": "78901000"
    },
    {
      "fiscalDateEnding": "2014-03-31",
      "reportedCurrency": "USD",
      "grossProfit": "24150000",
      "totalRevenue": "57844000",
      "costOfRevenue": "33694000",
      "costofGoodsAndServicesSold": "33694000",
      "operatingIncome": "-41000",
      "sellingGeneralAndAdministrative": "9152000",
      "researchAndDevelopment": "15887000",
      "operatingExpenses": "24191000",
      "investmentIncomeNet": "None",
      "netInterestIncome": "None",
      "interestIncome": "None",
      "interestExpense": "3951000",
      "nonInterestIncome": "None",
      "otherNonOperatingIncome": "-3964000",
      "depreciation": "None",
      "depreciationAndAmortization": "9351000",
      "incomeBeforeTax": "-4005000",
      "incomeTaxExpense": "-1450000",
      "interestAndDebtExpense": "None",
      "netIncomeFromContinuingOperations": "-5455000",
      "comprehensiveIncomeNetOfTax": "None",
      "ebit": "-54000",
      "ebitda": "9297000",
      "netIncome": "-1861000"
    },
    {
      "fiscalDateEnding": "2013-12-31",
      "reportedCurrency": "USD",
      "grossProfit": "63471000",
      "totalRevenue": "99683000",
      "costOfRevenue": "36212000",
      "costofGoodsAndServicesSold": "36212000",
      "operatingIncome": "37980000",
      "sellingGeneralAndAdministrative": "7556000",
      "researchAndDevelopment": "17935000",
      "operatingExpenses": "25491000",
      "investmentIncomeNet": "None",
      "netInterestIncome": "None",
      "interestIncome": "None",
      "interestExpense": "4000000",
      "nonInterestIncome": "None",
      "otherNonOperatingIncome": "None",
      "depreciation": "None",
      "depreciationAndAmortization": "9322000",
      "incomeBeforeTax": "24274000",
      "incomeTaxExpense": "10404000",
      "interestAndDebtExpense": "None",
      "netIncomeFromContinuingOperations": "0",
      "comprehensiveIncomeNetOfTax": "None",
      "ebit": "28274000",
      "ebitda": "37596000",
      "netIncome": "14536000"
    },
    {
      "fiscalDateEnding": "2013-09-30",
      "reportedCurrency": "USD",
      "grossProfit": "73837000",
      "totalRevenue": "110623000",
      "costOfRevenue": "36786000",
      "costofGoodsAndServicesSold": "36786000",
      "operatingIncome": "49128000",
      "sellingGeneralAndAdministrative": "8937000",
      "researchAndDevelopment": "15772000",
      "operatingExpenses": "24709000",
      "investmentIncomeNet": "None",
      "netInterestIncome": "None",
      "interestIncome": "None",
      "interestExpense": "3900000",
      "nonInterestIncome": "None",
      "otherNonOperatingIncome": "None",
      "depreciation": "None",
      "depreciationAndAmortization": "7851000",
      "incomeBeforeTax": "46178000",
      "incomeTaxExpense": "20068000",
      "interestAndDebtExpense": "None",
      "netIncomeFromContinuingOperations": "0",
      "comprehensiveIncomeNetOfTax": "None",
      "ebit": "50078000",
      "ebitda": "57929000",
      "netIncome": "26660000"
    },
    {
      "fiscalDateEnding": "2013-06-30",
      "reportedCurrency": "USD",
      "grossProfit": "34528000",
      "totalRevenue": "67692000",
      "costOfRevenue": "33164000",
      "costofGoodsAndServicesSold": "33164000",
      "operatingIncome": "12692000",
      "sellingGeneralAndAdministrative": "8359000",
      "researchAndDevelopment": "13477000",
      "operatingExpenses": "21836000",
      "investmentIncomeNet": "None",
      "netInterestIncome": "None",
      "interestIncome": "None",
      "interestExpense": "3900000",
      "nonInterestIncome": "None",
      "otherNonOperatingIncome": "2899000",
      "depreciation": "None",
      "depreciationAndAmortization": "8233000",
      "incomeBeforeTax": "15591000",
      "incomeTaxExpense": "6985000",
      "interestAndDebtExpense": "None",
      "netIncomeFromContinuingOperations": "75100000",
      "comprehensiveIncomeNetOfTax": "None",
      "ebit": "19491000",
      "ebitda": "27724000",
      "netIncome": "9238000"
    },
    {
      "fiscalDateEnding": "2013-03-31",
      "reportedCurrency": "USD",
      "grossProfit": "10488000",
      "totalRevenue": "47363000",
      "costOfRevenue": "36875000",
      "costofGoodsAndServicesSold": "36875000",
      "operatingIncome": "-15044000",
      "sellingGeneralAndAdministrative": "7842000",
      "researchAndDevelopment": "16146000",
      "operatingExpenses": "25532000",
      "investmentIncomeNet": "None",
      "netInterestIncome": "None",
      "interestIncome": "None",
      "interestExpense": "3800000",
      "nonInterestIncome": "None",
      "otherNonOperatingIncome": "-9480000",
      "depreciation": "None",
      "depreciationAndAmortization": "7979000",
      "incomeBeforeTax": "-24524000",
      "incomeTaxExpense": "-11621000",
      "interestAndDebtExpense": "None",
      "netIncomeFromContinuingOperations": "-36145000",
      "comprehensiveIncomeNetOfTax": "None",
      "ebit": "-20724000",
      "ebitda": "-12745000",
      "netIncome": "-12269000"
    },
    {
      "fiscalDateEnding": "2012-12-31",
      "reportedCurrency": "USD",
      "grossProfit": "56572000",
      "totalRevenue": "87877000",
      "costOfRevenue": "31305000",
      "costofGoodsAndServicesSold": "31305000",
      "operatingIncome": "18832000",
      "sellingGeneralAndAdministrative": "8383000",
      "researchAndDevelopment": "16821000",
      "operatingExpenses": "37740000",
      "investmentIncomeNet": "None",
      "netInterestIncome": "None",
      "interestIncome": "None",
      "interestExpense": "3800000",
      "nonInterestIncome": "None",
      "otherNonOperatingIncome": "-2470000",
      "depreciation": "None",
      "depreciationAndAmortization": "7035000",
      "incomeBeforeTax": "16362000",
      "incomeTaxExpense": "830000",
      "interestAndDebtExpense": "None",
      "netIncomeFromContinuingOperations": "15532000",
      "comprehensiveIncomeNetOfTax": "None",
      "ebit": "20162000",
      "ebitda": "27197000",
      "netIncome": "15532000"
    },
    {
      "fiscalDateEnding": "2012-09-30",
      "reportedCurrency": "USD",
      "grossProfit": "388459000",
      "totalRevenue": "434010000",
      "costOfRevenue": "45551000",
      "costofGoodsAndServicesSold": "45551000",
      "operatingIncome": "363219000",
      "sellingGeneralAndAdministrative": "8865000",
      "researchAndDevelopment": "16375000",
      "operatingExpenses": "25240000",
      "investmentIncomeNet": "None",
      "netInterestIncome": "None",
      "interestIncome": "None",
      "interestExpense": "3700000",
      "nonInterestIncome": "None",
      "otherNonOperatingIncome": "-2708000",
      "depreciation": "None",
      "depreciationAndAmortization": "6627000",
      "incomeBeforeTax": "360511000",
      "incomeTaxExpense": "124842000",
      "interestAndDebtExpense": "None",
      "netIncomeFromContinuingOperations": "235669000",
      "comprehensiveIncomeNetOfTax": "None",
      "ebit": "364211000",
      "ebitda": "370838000",
      "netIncome": "235669000"
    },
    {
      "fiscalDateEnding": "2012-06-30",
      "reportedCurrency": "USD",
      "grossProfit": "45671000",
      "totalRevenue": "71871000",
      "costOfRevenue": "26200000",
      "costofGoodsAndServicesSold": "26200000",
      "operatingIncome": "17574000",
      "sellingGeneralAndAdministrative": "10920000",
      "researchAndDevelopment": "17177000",
      "operatingExpenses": "28097000",
      "investmentIncomeNet": "None",
      "netInterestIncome": "None",
      "interestIncome": "None",
      "interestExpense": "3700000",
      "nonInterestIncome": "None",
      "otherNonOperatingIncome": "-2484000",
      "depreciation": "None",
      "depreciationAndAmortization": "6299000",
      "incomeBeforeTax": "15090000",
      "incomeTaxExpense": "5417000",
      "interestAndDebtExpense": "None",
      "netIncomeFromContinuingOperations": "9673000",
      "comprehensiveIncomeNetOfTax": "None",
      "ebit": "18790000",
      "ebitda": "25089000",
      "netIncome": "9673000"
    },
    {
      "fiscalDateEnding": "2012-03-31",
      "reportedCurrency": "USD",
      "grossProfit": "46077000",
      "totalRevenue": "69305000",
      "costOfRevenue": "23228000",
      "costofGoodsAndServicesSold": "23228000",
      "operatingIncome": "19405000",
      "sellingGeneralAndAdministrative": "9183000",
      "researchAndDevelopment": "17489000",
      "operatingExpenses": "26672000",
      "investmentIncomeNet": "None",
      "netInterestIncome": "None",
      "interestIncome": "None",
      "interestExpense": "3700000",
      "nonInterestIncome": "None",
      "otherNonOperatingIncome": "-2734000",
      "depreciation": "None",
      "depreciationAndAmortization": "6287000",
      "incomeBeforeTax": "16671000",
      "incomeTaxExpense": "5741000",
      "interestAndDebtExpense": "None",
      "netIncomeFromContinuingOperations": "10930000",
      "comprehensiveIncomeNetOfTax": "None",
      "ebit": "20371000",
      "ebitda": "26658000",
      "netIncome": "10930000"
    },
    {
      "fiscalDateEnding": "2011-12-31",
      "reportedCurrency": "USD",
      "grossProfit": "55824000",
      "totalRevenue": "76956000",
      "costOfRevenue": "21132000",
      "costofGoodsAndServicesSold": "21132000",
      "operatingIncome": "35491000",
      "sellingGeneralAndAdministrative": "6772000",
      "researchAndDevelopment": "13561000",
      "operatingExpenses": "20333000",
      "investmentIncomeNet": "None",
      "netInterestIncome": "None",
      "interestIncome": "None",
      "interestExpense": "3700000",
      "nonInterestIncome": "None",
      "otherNonOperatingIncome": "-2677000",
      "depreciation": "None",
      "depreciationAndAmortization": "6079000",
      "incomeBeforeTax": "32814000",
      "incomeTaxExpense": "10047000",
      "interestAndDebtExpense": "None",
      "netIncomeFromContinuingOperations": "22767000",
      "comprehensiveIncomeNetOfTax": "None",
      "ebit": "36514000",
      "ebitda": "42593000",
      "netIncome": "22767000"
    },
    {
      "fiscalDateEnding": "2011-09-30",
      "reportedCurrency": "USD",
      "grossProfit": "58555000",
      "totalRevenue": "76455000",
      "costOfRevenue": "17900000",
      "costofGoodsAndServicesSold": "17900000",
      "operatingIncome": "32153000",
      "sellingGeneralAndAdministrative": "9387000",
      "researchAndDevelopment": "17015000",
      "operatingExpenses": "26402000",
      "investmentIncomeNet": "None",
      "netInterestIncome": "None",
      "interestIncome": "None",
      "interestExpense": "3600000",
      "nonInterestIncome": "None",
      "otherNonOperatingIncome": "-3149000",
      "depreciation": "None",
      "depreciationAndAmortization": "5975000",
      "incomeBeforeTax": "29004000",
      "incomeTaxExpense": "2798000",
      "interestAndDebtExpense": "None",
      "netIncomeFromContinuingOperations": "26206000",
      "comprehensiveIncomeNetOfTax": "None",
      "ebit": "32604000",
      "ebitda": "38579000",
      "netIncome": "26206000"
    },
    {
      "fiscalDateEnding": "2011-06-30",
      "reportedCurrency": "USD",
      "grossProfit": "53117000",
      "totalRevenue": "69873000",
      "costOfRevenue": "16756000",
      "costofGoodsAndServicesSold": "16756000",
      "operatingIncome": "29807000",
      "sellingGeneralAndAdministrative": "7547000",
      "researchAndDevelopment": "15763000",
      "operatingExpenses": "23310000",
      "investmentIncomeNet": "None",
      "netInterestIncome": "None",
      "interestIncome": "None",
      "interestExpense": "3600000",
      "nonInterestIncome": "None",
      "otherNonOperatingIncome": "-3381000",
      "depreciation": "None",
      "depreciationAndAmortization": "5909000",
      "incomeBeforeTax": "26426000",
      "incomeTaxExpense": "9270000",
      "interestAndDebtExpense": "None",
      "netIncomeFromContinuingOperations": "17156000",
      "comprehensiveIncomeNetOfTax": "None",
      "ebit": "30026000",
      "ebitda": "35935000",
      "netIncome": "17156000"
    },
    {
      "fiscalDateEnding": "2011-03-31",
      "reportedCurrency": "USD",
      "grossProfit": "62510000",
      "totalRevenue": "78458000",
      "costOfRevenue": "15948000",
      "costofGoodsAndServicesSold": "15948000",
      "operatingIncome": "37306000",
      "sellingGeneralAndAdministrative": "7780000",
      "researchAndDevelopment": "17424000",
      "operatingExpenses": "25204000",
      "investmentIncomeNet": "None",
      "netInterestIncome": "None",
      "interestIncome": "None",
      "interestExpense": "0",
      "nonInterestIncome": "None",
      "otherNonOperatingIncome": "-942000",
      "depreciation": "None",
      "depreciationAndAmortization": "5842000",
      "incomeBeforeTax": "36364000",
      "incomeTaxExpense": "13025000",
      "interestAndDebtExpense": "None",
      "netIncomeFromContinuingOperations": "23339000",
      "comprehensiveIncomeNetOfTax": "None",
      "ebit": "36364000",
      "ebitda": "42206000",
      "netIncome": "23339000"
    },
    {
      "fiscalDateEnding": "2010-12-31",
      "reportedCurrency": "USD",
      "grossProfit": "36375000",
      "totalRevenue": "95282000",
      "costOfRevenue": "58907000",
      "costofGoodsAndServicesSold": "58907000",
      "operatingIncome": "53647000",
      "sellingGeneralAndAdministrative": "38751000",
      "researchAndDevelopment": "21479000",
      "operatingExpenses": "-17272000",
      "investmentIncomeNet": "None",
      "netInterestIncome": "None",
      "interestIncome": "None",
      "interestExpense": "0",
      "nonInterestIncome": "None",
      "otherNonOperatingIncome": "None",
      "depreciation": "None",
      "depreciationAndAmortization": "5670000",
      "incomeBeforeTax": "54176000",
      "incomeTaxExpense": "19865000",
      "interestAndDebtExpense": "None",
      "netIncomeFromContinuingOperations": "0",
      "comprehensiveIncomeNetOfTax": "None",
      "ebit": "53647000",
      "ebitda": "59317000",
      "netIncome": "34311000"
    },
    {
      "fiscalDateEnding": "2010-09-30",
      "reportedCurrency": "USD",
      "grossProfit": "79151000",
      "totalRevenue": "91923000",
      "costOfRevenue": "12772000",
      "costofGoodsAndServicesSold": "12772000",
      "operatingIncome": "54471000",
      "sellingGeneralAndAdministrative": "19995000",
      "researchAndDevelopment": "17457000",
      "operatingExpenses": "24680000",
      "investmentIncomeNet": "None",
      "netInterestIncome": "None",
      "interestIncome": "None",
      "interestExpense": "100000",
      "nonInterestIncome": "None",
      "otherNonOperatingIncome": "556000",
      "depreciation": "None",
      "depreciationAndAmortization": "5652000",
      "incomeBeforeTax": "55027000",
      "incomeTaxExpense": "19512000",
      "interestAndDebtExpense": "None",
      "netIncomeFromContinuingOperations": "35515000",
      "comprehensiveIncomeNetOfTax": "None",
      "ebit": "55127000",
      "ebitda": "60779000",
      "netIncome": "35515000"
    },
    {
      "fiscalDateEnding": "2010-06-30",
      "reportedCurrency": "USD",
      "grossProfit": "76446000",
      "totalRevenue": "91153000",
      "costOfRevenue": "14707000",
      "costofGoodsAndServicesSold": "14707000",
      "operatingIncome": "53074000",
      "sellingGeneralAndAdministrative": "21715000",
      "researchAndDevelopment": "16364000",
      "operatingExpenses": "23372000",
      "investmentIncomeNet": "None",
      "netInterestIncome": "None",
      "interestIncome": "None",
      "interestExpense": "100000",
      "nonInterestIncome": "None",
      "otherNonOperatingIncome": "889000",
      "depreciation": "None",
      "depreciationAndAmortization": "5321000",
      "incomeBeforeTax": "53963000",
      "incomeTaxExpense": "19000000",
      "interestAndDebtExpense": "None",
      "netIncomeFromContinuingOperations": "34963000",
      "comprehensiveIncomeNetOfTax": "None",
      "ebit": "54063000",
      "ebitda": "59384000",
      "netIncome": "34963000"
    },
    {
      "fiscalDateEnding": "2010-03-31",
      "reportedCurrency": "USD",
      "grossProfit": "98364000",
      "totalRevenue": "116187000",
      "costOfRevenue": "17823000",
      "costofGoodsAndServicesSold": "17823000",
      "operatingIncome": "74681000",
      "sellingGeneralAndAdministrative": "25342000",
      "researchAndDevelopment": "16164000",
      "operatingExpenses": "23683000",
      "investmentIncomeNet": "None",
      "netInterestIncome": "None",
      "interestIncome": "None",
      "interestExpense": "0",
      "nonInterestIncome": "None",
      "otherNonOperatingIncome": "None",
      "depreciation": "None",
      "depreciationAndAmortization": "5482000",
      "incomeBeforeTax": "75281000",
      "incomeTaxExpense": "26454000",
      "interestAndDebtExpense": "None",
      "netIncomeFromContinuingOperations": "0",
      "comprehensiveIncomeNetOfTax": "None",
      "ebit": "74681000",
      "ebitda": "80163000",
      "netIncome": "48827000"
    },
    {
      "fiscalDateEnding": "2009-12-31",
      "reportedCurrency": "USD",
      "grossProfit": "37825000",
      "totalRevenue": "76429000",
      "costOfRevenue": "38604000",
      "costofGoodsAndServicesSold": "38604000",
      "operatingIncome": "40842000",
      "sellingGeneralAndAdministrative": "16269000",
      "researchAndDevelopment": "13252000",
      "operatingExpenses": "-3017000",
      "investmentIncomeNet": "None",
      "netInterestIncome": "None",
      "interestIncome": "None",
      "interestExpense": "0",
      "nonInterestIncome": "None",
      "otherNonOperatingIncome": "None",
      "depreciation": "None",
      "depreciationAndAmortization": "5118000",
      "incomeBeforeTax": "37671000",
      "incomeTaxExpense": "-1205000",
      "interestAndDebtExpense": "None",
      "netIncomeFromContinuingOperations": "0",
      "comprehensiveIncomeNetOfTax": "None",
      "ebit": "40842000",
      "ebitda": "45960000",
      "netIncome": "38876000"
    },
    {
      "fiscalDateEnding": "2009-09-30",
      "reportedCurrency": "USD",
      "grossProfit": "75486000",
      "totalRevenue": "75486000",
      "costOfRevenue": "24022000",
      "costofGoodsAndServicesSold": "24022000",
      "operatingIncome": "46582000",
      "sellingGeneralAndAdministrative": "18245000",
      "researchAndDevelopment": "10659000",
      "operatingExpenses": "28904000",
      "investmentIncomeNet": "None",
      "netInterestIncome": "None",
      "interestIncome": "None",
      "interestExpense": "0",
      "nonInterestIncome": "None",
      "otherNonOperatingIncome": "None",
      "depreciation": "None",
      "depreciationAndAmortization": "4882000",
      "incomeBeforeTax": "47113000",
      "incomeTaxExpense": "16492000",
      "interestAndDebtExpense": "None",
      "netIncomeFromContinuingOperations": "0",
      "comprehensiveIncomeNetOfTax": "None",
      "ebit": "46582000",
      "ebitda": "51464000",
      "netIncome": "30621000"
    },
    {
      "fiscalDateEnding": "2009-06-30",
      "reportedCurrency": "USD",
      "grossProfit": "74928000",
      "totalRevenue": "74928000",
      "costOfRevenue": "30136000",
      "costofGoodsAndServicesSold": "30136000",
      "operatingIncome": "40228000",
      "sellingGeneralAndAdministrative": "21474000",
      "researchAndDevelopment": "13226000",
      "operatingExpenses": "34700000",
      "investmentIncomeNet": "None",
      "netInterestIncome": "None",
      "interestIncome": "None",
      "interestExpense": "0",
      "nonInterestIncome": "None",
      "otherNonOperatingIncome": "None",
      "depreciation": "None",
      "depreciationAndAmortization": "4657000",
      "incomeBeforeTax": "40853000",
      "incomeTaxExpense": "14408000",
      "interestAndDebtExpense": "None",
      "netIncomeFromContinuingOperations": "0",
      "comprehensiveIncomeNetOfTax": "None",
      "ebit": "40135000",
      "ebitda": "44792000",
      "netIncome": "26445000"
    },
    {
      "fiscalDateEnding": "2009-03-31",
      "reportedCurrency": "USD",
      "grossProfit": "70561000",
      "totalRevenue": "70561000",
      "costOfRevenue": "10088000",
      "costofGoodsAndServicesSold": "10088000",
      "operatingIncome": "-13763000",
      "sellingGeneralAndAdministrative": "6553000",
      "researchAndDevelopment": "26870000",
      "operatingExpenses": "84324000",
      "investmentIncomeNet": "None",
      "netInterestIncome": "None",
      "interestIncome": "None",
      "interestExpense": "0",
      "nonInterestIncome": "None",
      "otherNonOperatingIncome": "None",
      "depreciation": "None",
      "depreciationAndAmortization": "8217000",
      "incomeBeforeTax": "-12934000",
      "incomeTaxExpense": "-4248000",
      "interestAndDebtExpense": "None",
      "netIncomeFromContinuingOperations": "0",
      "comprehensiveIncomeNetOfTax": "None",
      "ebit": "23300000",
      "ebitda": "31517000",
      "netIncome": "-8686000"
    },
    {
      "fiscalDateEnding": "2008-12-31",
      "reportedCurrency": "USD",
      "grossProfit": "48589000",
      "totalRevenue": "58677000",
      "costOfRevenue": "10088000",
      "costofGoodsAndServicesSold": "10088000",
      "operatingIncome": "4735000",
      "sellingGeneralAndAdministrative": "12567000",
      "researchAndDevelopment": "90172000",
      "operatingExpenses": "43854000",
      "investmentIncomeNet": "None",
      "netInterestIncome": "None",
      "interestIncome": "None",
      "interestExpense": "0",
      "nonInterestIncome": "None",
      "otherNonOperatingIncome": "None",
      "depreciation": "None",
      "depreciationAndAmortization": "7732000",
      "incomeBeforeTax": "5378000",
      "incomeTaxExpense": "1549000",
      "interestAndDebtExpense": "None",
      "netIncomeFromContinuingOperations": "0",
      "comprehensiveIncomeNetOfTax": "None",
      "ebit": "9964000",
      "ebitda": "17696000",
      "netIncome": "3829000"
    },
    {
      "fiscalDateEnding": "2008-09-30",
      "reportedCurrency": "USD",
      "grossProfit": "41749000",
      "totalRevenue": "55059000",
      "costOfRevenue": "13310000",
      "costofGoodsAndServicesSold": "13310000",
      "operatingIncome": "13048000",
      "sellingGeneralAndAdministrative": "7353000",
      "researchAndDevelopment": "24088000",
      "operatingExpenses": "28701000",
      "investmentIncomeNet": "None",
      "netInterestIncome": "None",
      "interestIncome": "None",
      "interestExpense": "0",
      "nonInterestIncome": "None",
      "otherNonOperatingIncome": "None",
      "depreciation": "None",
      "depreciationAndAmortization": "7421000",
      "incomeBeforeTax": "14165000",
      "incomeTaxExpense": "4956000",
      "interestAndDebtExpense": "None",
      "netIncomeFromContinuingOperations": "0",
      "comprehensiveIncomeNetOfTax": "None",
      "ebit": "13048000",
      "ebitda": "20469000",
      "netIncome": "9209000"
    },
    {
      "fiscalDateEnding": "2008-06-30",
      "reportedCurrency": "USD",
      "grossProfit": "58706000",
      "totalRevenue": "58706000",
      "costOfRevenue": "44045000",
      "costofGoodsAndServicesSold": "44045000",
      "operatingIncome": "7839000",
      "sellingGeneralAndAdministrative": "28190000",
      "researchAndDevelopment": "22677000",
      "operatingExpenses": "50867000",
      "investmentIncomeNet": "None",
      "netInterestIncome": "None",
      "interestIncome": "None",
      "interestExpense": "0",
      "nonInterestIncome": "None",
      "otherNonOperatingIncome": "None",
      "depreciation": "None",
      "depreciationAndAmortization": "6822000",
      "incomeBeforeTax": "9070000",
      "incomeTaxExpense": "3218000",
      "interestAndDebtExpense": "None",
      "netIncomeFromContinuingOperations": "0",
      "comprehensiveIncomeNetOfTax": "None",
      "ebit": "7839000",
      "ebitda": "14661000",
      "netIncome": "5852000"
    },
    {
      "fiscalDateEnding": "2008-03-31",
      "reportedCurrency": "USD",
      "grossProfit": "56027000",
      "totalRevenue": "56027000",
      "costOfRevenue": "39440000",
      "costofGoodsAndServicesSold": "39440000",
      "operatingIncome": "10911000",
      "sellingGeneralAndAdministrative": "5675000",
      "researchAndDevelopment": "38253000",
      "operatingExpenses": "45116000",
      "investmentIncomeNet": "None",
      "netInterestIncome": "None",
      "interestIncome": "None",
      "interestExpense": "0",
      "nonInterestIncome": "None",
      "otherNonOperatingIncome": "None",
      "depreciation": "None",
      "depreciationAndAmortization": "6876000",
      "incomeBeforeTax": "11349000",
      "incomeTaxExpense": "4032000",
      "interestAndDebtExpense": "None",
      "netIncomeFromContinuingOperations": "0",
      "comprehensiveIncomeNetOfTax": "None",
      "ebit": "9711000",
      "ebitda": "16587000",
      "netIncome": "7317000"
    },
    {
      "fiscalDateEnding": "2007-12-31",
      "reportedCurrency": "USD",
      "grossProfit": "36550000",
      "totalRevenue": "54860000",
      "costOfRevenue": "18310000",
      "costofGoodsAndServicesSold": "18310000",
      "operatingIncome": "-2762000",
      "sellingGeneralAndAdministrative": "24210000",
      "researchAndDevelopment": "23323000",
      "operatingExpenses": "39312000",
      "investmentIncomeNet": "None",
      "netInterestIncome": "None",
      "interestIncome": "None",
      "interestExpense": "0",
      "nonInterestIncome": "None",
      "otherNonOperatingIncome": "None",
      "depreciation": "None",
      "depreciationAndAmortization": "6418000",
      "incomeBeforeTax": "-813000",
      "incomeTaxExpense": "1163000",
      "interestAndDebtExpense": "None",
      "netIncomeFromContinuingOperations": "0",
      "comprehensiveIncomeNetOfTax": "None",
      "ebit": "-2762000",
      "ebitda": "3656000",
      "netIncome": "-1976000"
    },
    {
      "fiscalDateEnding": "2007-09-30",
      "reportedCurrency": "USD",
      "grossProfit": "38551000",
      "totalRevenue": "56548000",
      "costOfRevenue": "17997000",
      "costofGoodsAndServicesSold": "17997000",
      "operatingIncome": "10506000",
      "sellingGeneralAndAdministrative": "5396000",
      "researchAndDevelopment": "20841000",
      "operatingExpenses": "28045000",
      "investmentIncomeNet": "None",
      "netInterestIncome": "None",
      "interestIncome": "None",
      "interestExpense": "0",
      "nonInterestIncome": "None",
      "otherNonOperatingIncome": "None",
      "depreciation": "None",
      "depreciationAndAmortization": "5682000",
      "incomeBeforeTax": "12601000",
      "incomeTaxExpense": "3884000",
      "interestAndDebtExpense": "None",
      "netIncomeFromContinuingOperations": "0",
      "comprehensiveIncomeNetOfTax": "None",
      "ebit": "10506000",
      "ebitda": "16188000",
      "netIncome": "8717000"
    },
    {
      "fiscalDateEnding": "2007-06-30",
      "reportedCurrency": "USD",
      "grossProfit": "55006000",
      "totalRevenue": "55006000",
      "costOfRevenue": "0",
      "costofGoodsAndServicesSold": "0",
      "operatingIncome": "-8879000",
      "sellingGeneralAndAdministrative": "6126000",
      "researchAndDevelopment": "21193000",
      "operatingExpenses": "63885000",
      "investmentIncomeNet": "None",
      "netInterestIncome": "None",
      "interestIncome": "None",
      "interestExpense": "0",
      "nonInterestIncome": "None",
      "otherNonOperatingIncome": "None",
      "depreciation": "None",
      "depreciationAndAmortization": "4949000",
      "incomeBeforeTax": "-6607000",
      "incomeTaxExpense": "-2201000",
      "interestAndDebtExpense": "None",
      "netIncomeFromContinuingOperations": "0",
      "comprehensiveIncomeNetOfTax": "None",
      "ebit": "-8879000",
      "ebitda": "-3930000",
      "netIncome": "-4406000"
    },
    {
      "fiscalDateEnding": "2007-03-31",
      "reportedCurrency": "USD",
      "grossProfit": "67818000",
      "totalRevenue": "67818000",
      "costOfRevenue": "0",
      "costofGoodsAndServicesSold": "0",
      "operatingIncome": "24189000",
      "sellingGeneralAndAdministrative": "38688000",
      "researchAndDevelopment": "21784000",
      "operatingExpenses": "43629000",
      "investmentIncomeNet": "None",
      "netInterestIncome": "None",
      "interestIncome": "None",
      "interestExpense": "0",
      "nonInterestIncome": "None",
      "otherNonOperatingIncome": "None",
      "depreciation": "None",
      "depreciationAndAmortization": "4941000",
      "incomeBeforeTax": "26822000",
      "incomeTaxExpense": "9153000",
      "interestAndDebtExpense": "None",
      "netIncomeFromContinuingOperations": "0",
      "comprehensiveIncomeNetOfTax": "None",
      "ebit": "24189000",
      "ebitda": "29130000",
      "netIncome": "17669000"
    },
    {
      "fiscalDateEnding": "2006-12-31",
      "reportedCurrency": "USD",
      "grossProfit": "50093000",
      "totalRevenue": "65068000",
      "costOfRevenue": "14975000",
      "costofGoodsAndServicesSold": "14975000",
      "operatingIncome": "26622000",
      "sellingGeneralAndAdministrative": "33987000",
      "researchAndDevelopment": "16725000",
      "operatingExpenses": "23471000",
      "investmentIncomeNet": "None",
      "netInterestIncome": "None",
      "interestIncome": "None",
      "interestExpense": "0",
      "nonInterestIncome": "None",
      "otherNonOperatingIncome": "None",
      "depreciation": "None",
      "depreciationAndAmortization": "4459000",
      "incomeBeforeTax": "30313000",
      "incomeTaxExpense": "10050000",
      "interestAndDebtExpense": "None",
      "netIncomeFromContinuingOperations": "0",
      "comprehensiveIncomeNetOfTax": "None",
      "ebit": "26622000",
      "ebitda": "31081000",
      "netIncome": "20263000"
    },
    {
      "fiscalDateEnding": "2006-09-30",
      "reportedCurrency": "USD",
      "grossProfit": "53876000",
      "totalRevenue": "67175000",
      "costOfRevenue": "13299000",
      "costofGoodsAndServicesSold": "13299000",
      "operatingIncome": "30355000",
      "sellingGeneralAndAdministrative": "32351000",
      "researchAndDevelopment": "16805000",
      "operatingExpenses": "23521000",
      "investmentIncomeNet": "None",
      "netInterestIncome": "None",
      "interestIncome": "None",
      "interestExpense": "0",
      "nonInterestIncome": "None",
      "otherNonOperatingIncome": "None",
      "depreciation": "None",
      "depreciationAndAmortization": "3469000",
      "incomeBeforeTax": "34437000",
      "incomeTaxExpense": "12780000",
      "interestAndDebtExpense": "None",
      "netIncomeFromContinuingOperations": "0",
      "comprehensiveIncomeNetOfTax": "None",
      "ebit": "30355000",
      "ebitda": "33824000",
      "netIncome": "21657000"
    },
    {
      "fiscalDateEnding": "2006-06-30",
      "reportedCurrency": "USD",
      "grossProfit": "283813000",
      "totalRevenue": "296617000",
      "costOfRevenue": "12804000",
      "costofGoodsAndServicesSold": "12804000",
      "operatingIncome": "260670000",
      "sellingGeneralAndAdministrative": "32620000",
      "researchAndDevelopment": "15887000",
      "operatingExpenses": "23143000",
      "investmentIncomeNet": "None",
      "netInterestIncome": "None",
      "interestIncome": "None",
      "interestExpense": "0",
      "nonInterestIncome": "None",
      "otherNonOperatingIncome": "None",
      "depreciation": "None",
      "depreciationAndAmortization": "3327000",
      "incomeBeforeTax": "264584000",
      "incomeTaxExpense": "94221000",
      "interestAndDebtExpense": "None",
      "netIncomeFromContinuingOperations": "0",
      "comprehensiveIncomeNetOfTax": "None",
      "ebit": "260670000",
      "ebitda": "263997000",
      "netIncome": "170363000"
    },
    {
      "fiscalDateEnding": "2006-03-31",
      "reportedCurrency": "USD",
      "grossProfit": "51606000",
      "totalRevenue": "51606000",
      "costOfRevenue": "0",
      "costofGoodsAndServicesSold": "0",
      "operatingIncome": "18769000",
      "sellingGeneralAndAdministrative": "29471000",
      "researchAndDevelopment": "16010000",
      "operatingExpenses": "32837000",
      "investmentIncomeNet": "None",
      "netInterestIncome": "None",
      "interestIncome": "None",
      "interestExpense": "0",
      "nonInterestIncome": "None",
      "otherNonOperatingIncome": "None",
      "depreciation": "None",
      "depreciationAndAmortization": "3366000",
      "incomeBeforeTax": "20277000",
      "incomeTaxExpense": "7338000",
      "interestAndDebtExpense": "None",
      "netIncomeFromContinuingOperations": "0",
      "comprehensiveIncomeNetOfTax": "None",
      "ebit": "18769000",
      "ebitda": "22135000",
      "netIncome": "12939000"
    },
    {
      "fiscalDateEnding": "2005-12-31",
      "reportedCurrency": "USD",
      "grossProfit": "40489000",
      "totalRevenue": "40489000",
      "costOfRevenue": "0",
      "costofGoodsAndServicesSold": "0",
      "operatingIncome": "1539000",
      "sellingGeneralAndAdministrative": "35324000",
      "researchAndDevelopment": "16391000",
      "operatingExpenses": "38950000",
      "investmentIncomeNet": "None",
      "netInterestIncome": "None",
      "interestIncome": "None",
      "interestExpense": "0",
      "nonInterestIncome": "None",
      "otherNonOperatingIncome": "None",
      "depreciation": "None",
      "depreciationAndAmortization": "2995000",
      "incomeBeforeTax": "2457000",
      "incomeTaxExpense": "-42573000",
      "interestAndDebtExpense": "None",
      "netIncomeFromContinuingOperations": "0",
      "comprehensiveIncomeNetOfTax": "None",
      "ebit": "690000",
      "ebitda": "3685000",
      "netIncome": "45030000"
    },
    {
      "fiscalDateEnding": "2005-09-30",
      "reportedCurrency": "USD",
      "grossProfit": "33843000",
      "totalRevenue": "48538000",
      "costOfRevenue": "14695000",
      "costofGoodsAndServicesSold": "14695000",
      "operatingIncome": "10166000",
      "sellingGeneralAndAdministrative": "34590000",
      "researchAndDevelopment": "15610000",
      "operatingExpenses": "23677000",
      "investmentIncomeNet": "None",
      "netInterestIncome": "None",
      "interestIncome": "None",
      "interestExpense": "0",
      "nonInterestIncome": "None",
      "otherNonOperatingIncome": "None",
      "depreciation": "None",
      "depreciationAndAmortization": "2933000",
      "incomeBeforeTax": "10945000",
      "incomeTaxExpense": "4419000",
      "interestAndDebtExpense": "None",
      "netIncomeFromContinuingOperations": "0",
      "comprehensiveIncomeNetOfTax": "None",
      "ebit": "11015000",
      "ebitda": "13948000",
      "netIncome": "6526000"
    },
    {
      "fiscalDateEnding": "2005-06-30",
      "reportedCurrency": "USD",
      "grossProfit": "28521000",
      "totalRevenue": "38601000",
      "costOfRevenue": "10080000",
      "costofGoodsAndServicesSold": "10080000",
      "operatingIncome": "6151000",
      "sellingGeneralAndAdministrative": "29626000",
      "researchAndDevelopment": "14921000",
      "operatingExpenses": "22370000",
      "investmentIncomeNet": "None",
      "netInterestIncome": "None",
      "interestIncome": "None",
      "interestExpense": "0",
      "nonInterestIncome": "None",
      "otherNonOperatingIncome": "None",
      "depreciation": "None",
      "depreciationAndAmortization": "2824000",
      "incomeBeforeTax": "6828000",
      "incomeTaxExpense": "2817000",
      "interestAndDebtExpense": "None",
      "netIncomeFromContinuingOperations": "0",
      "comprehensiveIncomeNetOfTax": "None",
      "ebit": "6151000",
      "ebitda": "8975000",
      "netIncome": "4011000"
    }
  ]
}