{
  "symbol": "IPAR",
  "annualReports": [
    {
      "fiscalDateEnding": "2024-12-31",
      "reportedCurrency": "USD",
      "grossProfit": "927341000",
      "totalRevenue": "1452325000",
      "costOfRevenue": "524984000",
      "costofGoodsAndServicesSold": "524984000",
      "operatingIncome": "278801000",
      "sellingGeneralAndAdministrative": "447475000",
      "researchAndDevelopment": "None",
      "operatingExpenses": "648540000",
      "investmentIncomeNet": "None",
      "netInterestIncome": "-5607000",
      "interestIncome": "2218000",
      "interestExpense": "7825000",
      "nonInterestIncome": "None",
      "otherNonOperatingIncome": "None",
      "depreciation": "None",
      "depreciationAndAmortization": "24353000",
      "incomeBeforeTax": "268391000",
      "incomeTaxExpense": "64958000",
      "interestAndDebtExpense": "None",
      "netIncomeFromContinuingOperations": "203433000",
      "comprehensiveIncomeNetOfTax": "None",
      "ebit": "276216000",
      "ebitda": "300569000",
      "netIncome": "164358000"
    },
    {
      "fiscalDateEnding": "2023-12-31",
      "reportedCurrency": "USD",
      "grossProfit": "839078000",
      "totalRevenue": "1317675000",
      "costOfRevenue": "478597000",
      "costofGoodsAndServicesSold": "478597000",
      "operatingIncome": "251382000",
      "sellingGeneralAndAdministrative": "313596000",
      "researchAndDevelopment": "None",
      "operatingExpenses": "587696000",
      "investmentIncomeNet": "None",
      "netInterestIncome": "-524000",
      "interestIncome": "10729000",
      "interestExpense": "11253000",
      "nonInterestIncome": "None",
      "otherNonOperatingIncome": "None",
      "depreciation": "None",
      "depreciationAndAmortization": "17331000",
      "incomeBeforeTax": "249593000",
      "incomeTaxExpense": "61817000",
      "interestAndDebtExpense": "None",
      "netIncomeFromContinuingOperations": "187776000",
      "comprehensiveIncomeNetOfTax": "None",
      "ebit": "263646000",
      "ebitda": "280977000",
      "netIncome": "152654000"
    },
    {
      "fiscalDateEnding": "2022-12-31",
      "reportedCurrency": "USD",
      "grossProfit": "694422000",
      "totalRevenue": "1086653000",
      "costOfRevenue": "392231000",
      "costofGoodsAndServicesSold": "392231000",
      "operatingIncome": "194303000",
      "sellingGeneralAndAdministrative": "264170000",
      "researchAndDevelopment": "None",
      "operatingExpenses": "492370000",
      "investmentIncomeNet": "None",
      "netInterestIncome": "1887000",
      "interestIncome": "5486000",
      "interestExpense": "3599000",
      "nonInterestIncome": "None",
      "otherNonOperatingIncome": "None",
      "depreciation": "None",
      "depreciationAndAmortization": "19770000",
      "incomeBeforeTax": "194219000",
      "incomeTaxExpense": "43182000",
      "interestAndDebtExpense": "None",
      "netIncomeFromContinuingOperations": "151037000",
      "comprehensiveIncomeNetOfTax": "None",
      "ebit": "204119000",
      "ebitda": "223889000",
      "netIncome": "120938000"
    },
    {
      "fiscalDateEnding": "2021-12-31",
      "reportedCurrency": "USD",
      "grossProfit": "556902000",
      "totalRevenue": "879516000",
      "costOfRevenue": "322614000",
      "costofGoodsAndServicesSold": "322614000",
      "operatingIncome": "148050000",
      "sellingGeneralAndAdministrative": "225359000",
      "researchAndDevelopment": "None",
      "operatingExpenses": "406459000",
      "investmentIncomeNet": "None",
      "netInterestIncome": "578000",
      "interestIncome": "3403000",
      "interestExpense": "2825000",
      "nonInterestIncome": "None",
      "otherNonOperatingIncome": "5794000",
      "depreciation": "None",
      "depreciationAndAmortization": "17607000",
      "incomeBeforeTax": "151019000",
      "incomeTaxExpense": "40992000",
      "interestAndDebtExpense": "None",
      "netIncomeFromContinuingOperations": "110027000",
      "comprehensiveIncomeNetOfTax": "None",
      "ebit": "154044000",
      "ebitda": "171651000",
      "netIncome": "87411000"
    },
    {
      "fiscalDateEnding": "2020-12-31",
      "reportedCurrency": "USD",
      "grossProfit": "330731000",
      "totalRevenue": "539009000",
      "costOfRevenue": "208278000",
      "costofGoodsAndServicesSold": "208278000",
      "operatingIncome": "70083000",
      "sellingGeneralAndAdministrative": "163948000",
      "researchAndDevelopment": "None",
      "operatingExpenses": "260648000",
      "investmentIncomeNet": "None",
      "netInterestIncome": "895000",
      "interestIncome": "2865000",
      "interestExpense": "1970000",
      "nonInterestIncome": "None",
      "otherNonOperatingIncome": "1236000",
      "depreciation": "None",
      "depreciationAndAmortization": "9067000",
      "incomeBeforeTax": "69349000",
      "incomeTaxExpense": "19381000",
      "interestAndDebtExpense": "None",
      "netIncomeFromContinuingOperations": "49968000",
      "comprehensiveIncomeNetOfTax": "None",
      "ebit": "70083000",
      "ebitda": "79150000",
      "netIncome": "38219000"
    },
    {
      "fiscalDateEnding": "2019-12-31",
      "reportedCurrency": "USD",
      "grossProfit": "445936000",
      "totalRevenue": "713514000",
      "costOfRevenue": "267578000",
      "costofGoodsAndServicesSold": "267578000",
      "operatingIncome": "104727000",
      "sellingGeneralAndAdministrative": "188909000",
      "researchAndDevelopment": "None",
      "operatingExpenses": "341209000",
      "investmentIncomeNet": "None",
      "netInterestIncome": "1547000",
      "interestIncome": "3693000",
      "interestExpense": "2146000",
      "nonInterestIncome": "None",
      "otherNonOperatingIncome": "2565000",
      "depreciation": "None",
      "depreciationAndAmortization": "8729000",
      "incomeBeforeTax": "105146000",
      "incomeTaxExpense": "29076000",
      "interestAndDebtExpense": "None",
      "netIncomeFromContinuingOperations": "76070000",
      "comprehensiveIncomeNetOfTax": "None",
      "ebit": "104727000",
      "ebitda": "113456000",
      "netIncome": "60249000"
    },
    {
      "fiscalDateEnding": "2018-12-31",
      "reportedCurrency": "USD",
      "grossProfit": "427562000",
      "totalRevenue": "675574000",
      "costOfRevenue": "248012000",
      "costofGoodsAndServicesSold": "248012000",
      "operatingIncome": "94731000",
      "sellingGeneralAndAdministrative": "137131000",
      "researchAndDevelopment": "0",
      "operatingExpenses": "332831000",
      "investmentIncomeNet": "None",
      "netInterestIncome": "1379000",
      "interestIncome": "3957000",
      "interestExpense": "2578000",
      "nonInterestIncome": "None",
      "otherNonOperatingIncome": "3706000",
      "depreciation": "None",
      "depreciationAndAmortization": "11031000",
      "incomeBeforeTax": "95859000",
      "incomeTaxExpense": "26144000",
      "interestAndDebtExpense": "None",
      "netIncomeFromContinuingOperations": "69715000",
      "comprehensiveIncomeNetOfTax": "None",
      "ebit": "94731000",
      "ebitda": "105762000",
      "netIncome": "53793000"
    },
    {
      "fiscalDateEnding": "2017-12-31",
      "reportedCurrency": "USD",
      "grossProfit": "376286000",
      "totalRevenue": "591251000",
      "costOfRevenue": "214965000",
      "costofGoodsAndServicesSold": "214965000",
      "operatingIncome": "78623000",
      "sellingGeneralAndAdministrative": "126340000",
      "researchAndDevelopment": "0",
      "operatingExpenses": "295540000",
      "investmentIncomeNet": "None",
      "netInterestIncome": "991000",
      "interestIncome": "2983000",
      "interestExpense": "1992000",
      "nonInterestIncome": "None",
      "otherNonOperatingIncome": "1434000",
      "depreciation": "None",
      "depreciationAndAmortization": "9791000",
      "incomeBeforeTax": "78065000",
      "incomeTaxExpense": "22812000",
      "interestAndDebtExpense": "None",
      "netIncomeFromContinuingOperations": "55253000",
      "comprehensiveIncomeNetOfTax": "None",
      "ebit": "80188000",
      "ebitda": "89979000",
      "netIncome": "41594000"
    },
    {
      "fiscalDateEnding": "2016-12-31",
      "reportedCurrency": "USD",
      "grossProfit": "326471000",
      "totalRevenue": "521072000",
      "costOfRevenue": "194601000",
      "costofGoodsAndServicesSold": "194601000",
      "operatingIncome": "66678000",
      "sellingGeneralAndAdministrative": "116887000",
      "researchAndDevelopment": "0",
      "operatingExpenses": "258787000",
      "investmentIncomeNet": "None",
      "netInterestIncome": "991000",
      "interestIncome": "3331000",
      "interestExpense": "2340000",
      "nonInterestIncome": "None",
      "otherNonOperatingIncome": "2736000",
      "depreciation": "None",
      "depreciationAndAmortization": "9683000",
      "incomeBeforeTax": "67074000",
      "incomeTaxExpense": "23826000",
      "interestAndDebtExpense": "None",
      "netIncomeFromContinuingOperations": "43248000",
      "comprehensiveIncomeNetOfTax": "None",
      "ebit": "69514000",
      "ebitda": "79197000",
      "netIncome": "33331000"
    },
    {
      "fiscalDateEnding": "2015-12-31",
      "reportedCurrency": "USD",
      "grossProfit": "289471000",
      "totalRevenue": "468540000",
      "costOfRevenue": "179069000",
      "costofGoodsAndServicesSold": "179069000",
      "operatingIncome": "61203000",
      "sellingGeneralAndAdministrative": "105968000",
      "researchAndDevelopment": "0",
      "operatingExpenses": "228268000",
      "investmentIncomeNet": "None",
      "netInterestIncome": "None",
      "interestIncome": "707000",
      "interestExpense": "2826000",
      "nonInterestIncome": "None",
      "otherNonOperatingIncome": "2119000",
      "depreciation": "None",
      "depreciationAndAmortization": "9078000",
      "incomeBeforeTax": "60496000",
      "incomeTaxExpense": "21527000",
      "interestAndDebtExpense": "None",
      "netIncomeFromContinuingOperations": "38969000",
      "comprehensiveIncomeNetOfTax": "None",
      "ebit": "61203000",
      "ebitda": "70281000",
      "netIncome": "30437000"
    },
    {
      "fiscalDateEnding": "2014-12-31",
      "reportedCurrency": "USD",
      "grossProfit": "287037000",
      "totalRevenue": "499261000",
      "costOfRevenue": "212224000",
      "costofGoodsAndServicesSold": "212224000",
      "operatingIncome": "53403000",
      "sellingGeneralAndAdministrative": "106134000",
      "researchAndDevelopment": "0",
      "operatingExpenses": "233634000",
      "investmentIncomeNet": "None",
      "netInterestIncome": "None",
      "interestIncome": "None",
      "interestExpense": "1478000",
      "nonInterestIncome": "None",
      "otherNonOperatingIncome": "4790000",
      "depreciation": "None",
      "depreciationAndAmortization": "10166000",
      "incomeBeforeTax": "56715000",
      "incomeTaxExpense": "19370000",
      "interestAndDebtExpense": "None",
      "netIncomeFromContinuingOperations": "37345000",
      "comprehensiveIncomeNetOfTax": "None",
      "ebit": "53403000",
      "ebitda": "63569000",
      "netIncome": "29436000"
    },
    {
      "fiscalDateEnding": "2013-12-31",
      "reportedCurrency": "USD",
      "grossProfit": "328779000",
      "totalRevenue": "563579000",
      "costOfRevenue": "234800000",
      "costofGoodsAndServicesSold": "234800000",
      "operatingIncome": "78754000",
      "sellingGeneralAndAdministrative": "115525000",
      "researchAndDevelopment": "0",
      "operatingExpenses": "250025000",
      "investmentIncomeNet": "None",
      "netInterestIncome": "None",
      "interestIncome": "None",
      "interestExpense": "1380000",
      "nonInterestIncome": "None",
      "otherNonOperatingIncome": "3272000",
      "depreciation": "None",
      "depreciationAndAmortization": "11110000",
      "incomeBeforeTax": "80646000",
      "incomeTaxExpense": "29680000",
      "interestAndDebtExpense": "None",
      "netIncomeFromContinuingOperations": "50966000",
      "comprehensiveIncomeNetOfTax": "None",
      "ebit": "78754000",
      "ebitda": "89864000",
      "netIncome": "39211000"
    },
    {
      "fiscalDateEnding": "2012-12-31",
      "reportedCurrency": "USD",
      "grossProfit": "407186000",
      "totalRevenue": "654117000",
      "costOfRevenue": "246931000",
      "costofGoodsAndServicesSold": "246931000",
      "operatingIncome": "278414000",
      "sellingGeneralAndAdministrative": "325799000",
      "researchAndDevelopment": "0",
      "operatingExpenses": "325799000",
      "investmentIncomeNet": "None",
      "netInterestIncome": "None",
      "interestIncome": "None",
      "interestExpense": "1654000",
      "nonInterestIncome": "None",
      "otherNonOperatingIncome": "-1995000",
      "depreciation": "None",
      "depreciationAndAmortization": "15554000",
      "incomeBeforeTax": "274765000",
      "incomeTaxExpense": "97875000",
      "interestAndDebtExpense": "None",
      "netIncomeFromContinuingOperations": "176890000",
      "comprehensiveIncomeNetOfTax": "None",
      "ebit": "276487000",
      "ebitda": "292041000",
      "netIncome": "131136000"
    },
    {
      "fiscalDateEnding": "2011-12-31",
      "reportedCurrency": "USD",
      "grossProfit": "386774000",
      "totalRevenue": "615220000",
      "costOfRevenue": "228446000",
      "costofGoodsAndServicesSold": "228446000",
      "operatingIncome": "66939000",
      "sellingGeneralAndAdministrative": "318998000",
      "researchAndDevelopment": "0",
      "operatingExpenses": "318998000",
      "investmentIncomeNet": "None",
      "netInterestIncome": "None",
      "interestIncome": "None",
      "interestExpense": "2197000",
      "nonInterestIncome": "None",
      "otherNonOperatingIncome": "2651000",
      "depreciation": "None",
      "depreciationAndAmortization": "13073000",
      "incomeBeforeTax": "67393000",
      "incomeTaxExpense": "24444000",
      "interestAndDebtExpense": "None",
      "netIncomeFromContinuingOperations": "42949000",
      "comprehensiveIncomeNetOfTax": "None",
      "ebit": "69862000",
      "ebitda": "82935000",
      "netIncome": "32303000"
    },
    {
      "fiscalDateEnding": "2010-12-31",
      "reportedCurrency": "USD",
      "grossProfit": "274010000",
      "totalRevenue": "460411000",
      "costOfRevenue": "186401000",
      "costofGoodsAndServicesSold": "186401000",
      "operatingIncome": "56436000",
      "sellingGeneralAndAdministrative": "217574000",
      "researchAndDevelopment": "None",
      "operatingExpenses": "217574000",
      "investmentIncomeNet": "None",
      "netInterestIncome": "None",
      "interestIncome": "None",
      "interestExpense": "2116000",
      "nonInterestIncome": "None",
      "otherNonOperatingIncome": "None",
      "depreciation": "None",
      "depreciationAndAmortization": "9188000",
      "incomeBeforeTax": "53840000",
      "incomeTaxExpense": "18165000",
      "interestAndDebtExpense": "None",
      "netIncomeFromContinuingOperations": "None",
      "comprehensiveIncomeNetOfTax": "None",
      "ebit": "56318000",
      "ebitda": "65506000",
      "netIncome": "26593000"
    },
    {
      "fiscalDateEnding": "2009-12-31",
      "reportedCurrency": "USD",
      "grossProfit": "234168000",
      "totalRevenue": "409464000",
      "costOfRevenue": "175296000",
      "costofGoodsAndServicesSold": "175296000",
      "operatingIncome": "44801000",
      "sellingGeneralAndAdministrative": "187690000",
      "researchAndDevelopment": "None",
      "operatingExpenses": "187690000",
      "investmentIncomeNet": "None",
      "netInterestIncome": "None",
      "interestIncome": "None",
      "interestExpense": "2647000",
      "nonInterestIncome": "None",
      "otherNonOperatingIncome": "None",
      "depreciation": "None",
      "depreciationAndAmortization": "10963000",
      "incomeBeforeTax": "46348000",
      "incomeTaxExpense": "16190000",
      "interestAndDebtExpense": "None",
      "netIncomeFromContinuingOperations": "None",
      "comprehensiveIncomeNetOfTax": "None",
      "ebit": "49080000",
      "ebitda": "60043000",
      "netIncome": "22367000"
    },
    {
      "fiscalDateEnding": "2008-12-31",
      "reportedCurrency": "USD",
      "grossProfit": "254209000",
      "totalRevenue": "446124000",
      "costOfRevenue": "191915000",
      "costofGoodsAndServicesSold": "191915000",
      "operatingIncome": "51009000",
      "sellingGeneralAndAdministrative": "202264000",
      "researchAndDevelopment": "None",
      "operatingExpenses": "203200000",
      "investmentIncomeNet": "None",
      "netInterestIncome": "None",
      "interestIncome": "None",
      "interestExpense": "4940000",
      "nonInterestIncome": "None",
      "otherNonOperatingIncome": "None",
      "depreciation": "None",
      "depreciationAndAmortization": "9925000",
      "incomeBeforeTax": "46434000",
      "incomeTaxExpense": "16312000",
      "interestAndDebtExpense": "None",
      "netIncomeFromContinuingOperations": "None",
      "comprehensiveIncomeNetOfTax": "None",
      "ebit": "51374000",
      "ebitda": "61299000",
      "netIncome": "23765000"
    },
    {
      "fiscalDateEnding": "2007-12-31",
      "reportedCurrency": "USD",
      "grossProfit": "229423000",
      "totalRevenue": "389560000",
      "costOfRevenue": "160137000",
      "costofGoodsAndServicesSold": "160137000",
      "operatingIncome": "47331000",
      "sellingGeneralAndAdministrative": "181224000",
      "researchAndDevelopment": "None",
      "operatingExpenses": "182092000",
      "investmentIncomeNet": "None",
      "netInterestIncome": "None",
      "interestIncome": "None",
      "interestExpense": "3667000",
      "nonInterestIncome": "None",
      "otherNonOperatingIncome": "None",
      "depreciation": "None",
      "depreciationAndAmortization": "8031000",
      "incomeBeforeTax": "47276000",
      "incomeTaxExpense": "16675000",
      "interestAndDebtExpense": "None",
      "netIncomeFromContinuingOperations": "None",
      "comprehensiveIncomeNetOfTax": "None",
      "ebit": "47331000",
      "ebitda": "55362000",
      "netIncome": "23817000"
    },
    {
      "fiscalDateEnding": "2006-12-31",
      "reportedCurrency": "USD",
      "grossProfit": "177199000",
      "totalRevenue": "321054000",
      "costOfRevenue": "143855000",
      "costofGoodsAndServicesSold": "143855000",
      "operatingIncome": "36125000",
      "sellingGeneralAndAdministrative": "141074000",
      "researchAndDevelopment": "None",
      "operatingExpenses": "141074000",
      "investmentIncomeNet": "None",
      "netInterestIncome": "None",
      "interestIncome": "None",
      "interestExpense": "1797000",
      "nonInterestIncome": "None",
      "otherNonOperatingIncome": "None",
      "depreciation": "None",
      "depreciationAndAmortization": "5347000",
      "incomeBeforeTax": "37135000",
      "incomeTaxExpense": "13201000",
      "interestAndDebtExpense": "None",
      "netIncomeFromContinuingOperations": "None",
      "comprehensiveIncomeNetOfTax": "None",
      "ebit": "36125000",
      "ebitda": "41472000",
      "netIncome": "17742000"
    },
    {
      "fiscalDateEnding": "2005-12-31",
      "reportedCurrency": "USD",
      "grossProfit": "157706000",
      "totalRevenue": "273533000",
      "costOfRevenue": "115827000",
      "costofGoodsAndServicesSold": "115827000",
      "operatingIncome": "31353000",
      "sellingGeneralAndAdministrative": "126353000",
      "researchAndDevelopment": "None",
      "operatingExpenses": "126353000",
      "investmentIncomeNet": "None",
      "netInterestIncome": "None",
      "interestIncome": "None",
      "interestExpense": "970000",
      "nonInterestIncome": "None",
      "otherNonOperatingIncome": "None",
      "depreciation": "None",
      "depreciationAndAmortization": "4513000",
      "incomeBeforeTax": "31724000",
      "incomeTaxExpense": "11133000",
      "interestAndDebtExpense": "None",
      "netIncomeFromContinuingOperations": "None",
      "comprehensiveIncomeNetOfTax": "None",
      "ebit": "31353000",
      "ebitda": "35866000",
      "netIncome": "15263000"
    }
  ],
  "quarterlyReports": [
    {
      "fiscalDateEnding": "2025-06-30",
      "reportedCurrency": "USD",
      "grossProfit": "221089000",
      "totalRevenue": "333936000",
      "costOfRevenue": "112847000",
      "costofGoodsAndServicesSold": "112847000",
      "operatingIncome": "59176000",
      "sellingGeneralAndAdministrative": "161913000",
      "researchAndDevelopment": "None",
      "operatingExpenses": "161913000",
      "investmentIncomeNet": "None",
      "netInterestIncome": "-3716000",
      "interestIncome": "None",
      "interestExpense": "1787000",
      "nonInterestIncome": "None",
      "otherNonOperatingIncome": "None",
      "depreciation": "None",
      "depreciationAndAmortization": "6364000",
      "incomeBeforeTax": "54125000",
      "incomeTaxExpense": "12928000",
      "interestAndDebtExpense": "None",
      "netIncomeFromContinuingOperations": "41197000",
      "comprehensiveIncomeNetOfTax": "None",
      "ebit": "55912000",
      "ebitda": "62276000",
      "netIncome": "31988000"
    },
    {
      "fiscalDateEnding": "2025-03-31",
      "reportedCurrency": "USD",
      "grossProfit": "215977000",
      "totalRevenue": "338819000",
      "costOfRevenue": "122842000",
      "costofGoodsAndServicesSold": "122842000",
      "operatingIncome": "75077000",
      "sellingGeneralAndAdministrative": "140900000",
      "researchAndDevelopment": "None",
      "operatingExpenses": "140900000",
      "investmentIncomeNet": "None",
      "netInterestIncome": "-964000",
      "interestIncome": "581000",
      "interestExpense": "1545000",
      "nonInterestIncome": "None",
      "otherNonOperatingIncome": "None",
      "depreciation": "None",
      "depreciationAndAmortization": "121000",
      "incomeBeforeTax": "73411000",
      "incomeTaxExpense": "18008000",
      "interestAndDebtExpense": "None",
      "netIncomeFromContinuingOperations": "55403000",
      "comprehensiveIncomeNetOfTax": "None",
      "ebit": "74956000",
      "ebitda": "75077000",
      "netIncome": "73411000"
    },
    {
      "fiscalDateEnding": "2024-12-31",
      "reportedCurrency": "USD",
      "grossProfit": "233039000",
      "totalRevenue": "361504000",
      "costOfRevenue": "128465000",
      "costofGoodsAndServicesSold": "128465000",
      "operatingIncome": "40005000",
      "sellingGeneralAndAdministrative": "87029000",
      "researchAndDevelopment": "None",
      "operatingExpenses": "193034000",
      "investmentIncomeNet": "None",
      "netInterestIncome": "-1571000",
      "interestIncome": "528000",
      "interestExpense": "2099000",
      "nonInterestIncome": "None",
      "otherNonOperatingIncome": "None",
      "depreciation": "None",
      "depreciationAndAmortization": "6152000",
      "incomeBeforeTax": "36681000",
      "incomeTaxExpense": "9984000",
      "interestAndDebtExpense": "None",
      "netIncomeFromContinuingOperations": "26697000",
      "comprehensiveIncomeNetOfTax": "None",
      "ebit": "38780000",
      "ebitda": "44932000",
      "netIncome": "24228000"
    },
    {
      "fiscalDateEnding": "2024-09-30",
      "reportedCurrency": "USD",
      "grossProfit": "271160000",
      "totalRevenue": "424629000",
      "costOfRevenue": "153469000",
      "costofGoodsAndServicesSold": "153469000",
      "operatingIncome": "105994000",
      "sellingGeneralAndAdministrative": "165166000",
      "researchAndDevelopment": "None",
      "operatingExpenses": "165166000",
      "investmentIncomeNet": "None",
      "netInterestIncome": "-2232000",
      "interestIncome": "None",
      "interestExpense": "1978000",
      "nonInterestIncome": "None",
      "otherNonOperatingIncome": "None",
      "depreciation": "None",
      "depreciationAndAmortization": "6181000",
      "incomeBeforeTax": "100406000",
      "incomeTaxExpense": "23571000",
      "interestAndDebtExpense": "None",
      "netIncomeFromContinuingOperations": "76835000",
      "comprehensiveIncomeNetOfTax": "None",
      "ebit": "102638000",
      "ebitda": "108819000",
      "netIncome": "100406000"
    },
    {
      "fiscalDateEnding": "2024-06-30",
      "reportedCurrency": "USD",
      "grossProfit": "220757000",
      "totalRevenue": "342229000",
      "costOfRevenue": "121472000",
      "costofGoodsAndServicesSold": "121472000",
      "operatingIncome": "64828000",
      "sellingGeneralAndAdministrative": "87029000",
      "researchAndDevelopment": "None",
      "operatingExpenses": "155929000",
      "investmentIncomeNet": "None",
      "netInterestIncome": "-3017000",
      "interestIncome": "None",
      "interestExpense": "3017000",
      "nonInterestIncome": "None",
      "otherNonOperatingIncome": "None",
      "depreciation": "None",
      "depreciationAndAmortization": "6002000",
      "incomeBeforeTax": "61251000",
      "incomeTaxExpense": "14653000",
      "interestAndDebtExpense": "None",
      "netIncomeFromContinuingOperations": "46598000",
      "comprehensiveIncomeNetOfTax": "None",
      "ebit": "64828000",
      "ebitda": "70830000",
      "netIncome": "36823000"
    },
    {
      "fiscalDateEnding": "2024-03-31",
      "reportedCurrency": "USD",
      "grossProfit": "202385000",
      "totalRevenue": "323963000",
      "costOfRevenue": "121578000",
      "costofGoodsAndServicesSold": "121578000",
      "operatingIncome": "67973000",
      "sellingGeneralAndAdministrative": "134412000",
      "researchAndDevelopment": "None",
      "operatingExpenses": "134412000",
      "investmentIncomeNet": "None",
      "netInterestIncome": "1213000",
      "interestIncome": "3020000",
      "interestExpense": "1807000",
      "nonInterestIncome": "None",
      "otherNonOperatingIncome": "None",
      "depreciation": "None",
      "depreciationAndAmortization": "6018000",
      "incomeBeforeTax": "70053000",
      "incomeTaxExpense": "16750000",
      "interestAndDebtExpense": "None",
      "netIncomeFromContinuingOperations": "53303000",
      "comprehensiveIncomeNetOfTax": "None",
      "ebit": "67973000",
      "ebitda": "73991000",
      "netIncome": "41048000"
    },
    {
      "fiscalDateEnding": "2023-12-31",
      "reportedCurrency": "USD",
      "grossProfit": "212710000",
      "totalRevenue": "328739000",
      "costOfRevenue": "116029000",
      "costofGoodsAndServicesSold": "116029000",
      "operatingIncome": "18880000",
      "sellingGeneralAndAdministrative": "148761000",
      "researchAndDevelopment": "None",
      "operatingExpenses": "193830000",
      "investmentIncomeNet": "None",
      "netInterestIncome": "-1915000",
      "interestIncome": "2308000",
      "interestExpense": "4223000",
      "nonInterestIncome": "None",
      "otherNonOperatingIncome": "None",
      "depreciation": "None",
      "depreciationAndAmortization": "8713000",
      "incomeBeforeTax": "14919000",
      "incomeTaxExpense": "6689000",
      "interestAndDebtExpense": "None",
      "netIncomeFromContinuingOperations": "8230000",
      "comprehensiveIncomeNetOfTax": "None",
      "ebit": "18880000",
      "ebitda": "27593000",
      "netIncome": "10420000"
    },
    {
      "fiscalDateEnding": "2023-09-30",
      "reportedCurrency": "USD",
      "grossProfit": "235007000",
      "totalRevenue": "367969000",
      "costOfRevenue": "132962000",
      "costofGoodsAndServicesSold": "132962000",
      "operatingIncome": "87202000",
      "sellingGeneralAndAdministrative": "81105000",
      "researchAndDevelopment": "None",
      "operatingExpenses": "147805000",
      "investmentIncomeNet": "None",
      "netInterestIncome": "-1335000",
      "interestIncome": "1062000",
      "interestExpense": "2397000",
      "nonInterestIncome": "None",
      "otherNonOperatingIncome": "None",
      "depreciation": "None",
      "depreciationAndAmortization": "5957000",
      "incomeBeforeTax": "86613000",
      "incomeTaxExpense": "20493000",
      "interestAndDebtExpense": "None",
      "netIncomeFromContinuingOperations": "66120000",
      "comprehensiveIncomeNetOfTax": "None",
      "ebit": "89010000",
      "ebitda": "94967000",
      "netIncome": "53214000"
    },
    {
      "fiscalDateEnding": "2023-06-30",
      "reportedCurrency": "USD",
      "grossProfit": "188404000",
      "totalRevenue": "309244000",
      "costOfRevenue": "120840000",
      "costofGoodsAndServicesSold": "120840000",
      "operatingIncome": "55021000",
      "sellingGeneralAndAdministrative": "75183000",
      "researchAndDevelopment": "None",
      "operatingExpenses": "133383000",
      "investmentIncomeNet": "None",
      "netInterestIncome": "-299000",
      "interestIncome": "1977000",
      "interestExpense": "2276000",
      "nonInterestIncome": "None",
      "otherNonOperatingIncome": "2730000",
      "depreciation": "None",
      "depreciationAndAmortization": "5548000",
      "incomeBeforeTax": "55475000",
      "incomeTaxExpense": "12957000",
      "interestAndDebtExpense": "None",
      "netIncomeFromContinuingOperations": "42518000",
      "comprehensiveIncomeNetOfTax": "None",
      "ebit": "57751000",
      "ebitda": "63299000",
      "netIncome": "34952000"
    },
    {
      "fiscalDateEnding": "2023-03-31",
      "reportedCurrency": "USD",
      "grossProfit": "202957000",
      "totalRevenue": "311723000",
      "costOfRevenue": "108766000",
      "costofGoodsAndServicesSold": "108766000",
      "operatingIncome": "90279000",
      "sellingGeneralAndAdministrative": "73578000",
      "researchAndDevelopment": "None",
      "operatingExpenses": "112678000",
      "investmentIncomeNet": "None",
      "netInterestIncome": "3025000",
      "interestIncome": "5382000",
      "interestExpense": "2357000",
      "nonInterestIncome": "None",
      "otherNonOperatingIncome": "4664000",
      "depreciation": "None",
      "depreciationAndAmortization": "5439000",
      "incomeBeforeTax": "92586000",
      "incomeTaxExpense": "21678000",
      "interestAndDebtExpense": "None",
      "netIncomeFromContinuingOperations": "70908000",
      "comprehensiveIncomeNetOfTax": "None",
      "ebit": "94943000",
      "ebitda": "100382000",
      "netIncome": "54068000"
    },
    {
      "fiscalDateEnding": "2022-12-31",
      "reportedCurrency": "USD",
      "grossProfit": "200082000",
      "totalRevenue": "310788000",
      "costOfRevenue": "110706000",
      "costofGoodsAndServicesSold": "110706000",
      "operatingIncome": "23211000",
      "sellingGeneralAndAdministrative": "76822000",
      "researchAndDevelopment": "None",
      "operatingExpenses": "169122000",
      "investmentIncomeNet": "None",
      "netInterestIncome": "2135000",
      "interestIncome": "3145000",
      "interestExpense": "1010000",
      "nonInterestIncome": "None",
      "otherNonOperatingIncome": "None",
      "depreciation": "None",
      "depreciationAndAmortization": "4760000",
      "incomeBeforeTax": "21033000",
      "incomeTaxExpense": "4104000",
      "interestAndDebtExpense": "None",
      "netIncomeFromContinuingOperations": "16929000",
      "comprehensiveIncomeNetOfTax": "None",
      "ebit": "30055000",
      "ebitda": "34815000",
      "netIncome": "16599000"
    },
    {
      "fiscalDateEnding": "2022-09-30",
      "reportedCurrency": "USD",
      "grossProfit": "181900000",
      "totalRevenue": "280462000",
      "costOfRevenue": "98562000",
      "costofGoodsAndServicesSold": "98562000",
      "operatingIncome": "64476000",
      "sellingGeneralAndAdministrative": "67124000",
      "researchAndDevelopment": "None",
      "operatingExpenses": "117424000",
      "investmentIncomeNet": "None",
      "netInterestIncome": "2661000",
      "interestIncome": "3343000",
      "interestExpense": "682000",
      "nonInterestIncome": "None",
      "otherNonOperatingIncome": "2724000",
      "depreciation": "None",
      "depreciationAndAmortization": "4133000",
      "incomeBeforeTax": "66518000",
      "incomeTaxExpense": "13221000",
      "interestAndDebtExpense": "None",
      "netIncomeFromContinuingOperations": "53297000",
      "comprehensiveIncomeNetOfTax": "None",
      "ebit": "64476000",
      "ebitda": "68609000",
      "netIncome": "41423000"
    },
    {
      "fiscalDateEnding": "2022-06-30",
      "reportedCurrency": "USD",
      "grossProfit": "153782000",
      "totalRevenue": "244725000",
      "costOfRevenue": "90943000",
      "costofGoodsAndServicesSold": "90943000",
      "operatingIncome": "45397000",
      "sellingGeneralAndAdministrative": "59685000",
      "researchAndDevelopment": "None",
      "operatingExpenses": "108385000",
      "investmentIncomeNet": "None",
      "netInterestIncome": "-559000",
      "interestIncome": "464000",
      "interestExpense": "1023000",
      "nonInterestIncome": "None",
      "otherNonOperatingIncome": "1071000",
      "depreciation": "None",
      "depreciationAndAmortization": "4815000",
      "incomeBeforeTax": "45445000",
      "incomeTaxExpense": "10925000",
      "interestAndDebtExpense": "None",
      "netIncomeFromContinuingOperations": "34520000",
      "comprehensiveIncomeNetOfTax": "None",
      "ebit": "46468000",
      "ebitda": "51283000",
      "netIncome": "27617000"
    },
    {
      "fiscalDateEnding": "2022-03-31",
      "reportedCurrency": "USD",
      "grossProfit": "158658000",
      "totalRevenue": "250678000",
      "costOfRevenue": "92020000",
      "costofGoodsAndServicesSold": "92020000",
      "operatingIncome": "61217000",
      "sellingGeneralAndAdministrative": "60541000",
      "researchAndDevelopment": "None",
      "operatingExpenses": "97441000",
      "investmentIncomeNet": "None",
      "netInterestIncome": "-2349000",
      "interestIncome": "None",
      "interestExpense": "2349000",
      "nonInterestIncome": "None",
      "otherNonOperatingIncome": "889000",
      "depreciation": "None",
      "depreciationAndAmortization": "5005000",
      "incomeBeforeTax": "61223000",
      "incomeTaxExpense": "14932000",
      "interestAndDebtExpense": "None",
      "netIncomeFromContinuingOperations": "46291000",
      "comprehensiveIncomeNetOfTax": "None",
      "ebit": "62106000",
      "ebitda": "67111000",
      "netIncome": "35299000"
    },
    {
      "fiscalDateEnding": "2021-12-31",
      "reportedCurrency": "USD",
      "grossProfit": "131877000",
      "totalRevenue": "210719000",
      "costOfRevenue": "78842000",
      "costofGoodsAndServicesSold": "78842000",
      "operatingIncome": "-12203000",
      "sellingGeneralAndAdministrative": "65380000",
      "researchAndDevelopment": "None",
      "operatingExpenses": "144080000",
      "investmentIncomeNet": "None",
      "netInterestIncome": "2534000",
      "interestIncome": "2015000",
      "interestExpense": "488000",
      "nonInterestIncome": "None",
      "otherNonOperatingIncome": "2102000",
      "depreciation": "None",
      "depreciationAndAmortization": "3381000",
      "incomeBeforeTax": "-9582000",
      "incomeTaxExpense": "-4120000",
      "interestAndDebtExpense": "None",
      "netIncomeFromContinuingOperations": "-5462000",
      "comprehensiveIncomeNetOfTax": "None",
      "ebit": "-9582000",
      "ebitda": "-6201000",
      "netIncome": "-1224000"
    },
    {
      "fiscalDateEnding": "2021-09-30",
      "reportedCurrency": "USD",
      "grossProfit": "167427000",
      "totalRevenue": "262696000",
      "costOfRevenue": "95269000",
      "costofGoodsAndServicesSold": "95269000",
      "operatingIncome": "67639000",
      "sellingGeneralAndAdministrative": "56188000",
      "researchAndDevelopment": "None",
      "operatingExpenses": "99788000",
      "investmentIncomeNet": "None",
      "netInterestIncome": "-1464000",
      "interestIncome": "233000",
      "interestExpense": "1697000",
      "nonInterestIncome": "None",
      "otherNonOperatingIncome": "882000",
      "depreciation": "None",
      "depreciationAndAmortization": "4225000",
      "incomeBeforeTax": "66824000",
      "incomeTaxExpense": "16997000",
      "interestAndDebtExpense": "None",
      "netIncomeFromContinuingOperations": "49827000",
      "comprehensiveIncomeNetOfTax": "None",
      "ebit": "68521000",
      "ebitda": "72746000",
      "netIncome": "38316000"
    },
    {
      "fiscalDateEnding": "2021-06-30",
      "reportedCurrency": "USD",
      "grossProfit": "132350000",
      "totalRevenue": "207573000",
      "costOfRevenue": "75223000",
      "costofGoodsAndServicesSold": "75223000",
      "operatingIncome": "44655000",
      "sellingGeneralAndAdministrative": "52495000",
      "researchAndDevelopment": "None",
      "operatingExpenses": "87695000",
      "investmentIncomeNet": "None",
      "netInterestIncome": "-502000",
      "interestIncome": "768000",
      "interestExpense": "1270000",
      "nonInterestIncome": "None",
      "otherNonOperatingIncome": "366000",
      "depreciation": "None",
      "depreciationAndAmortization": "7236000",
      "incomeBeforeTax": "43751000",
      "incomeTaxExpense": "14715000",
      "interestAndDebtExpense": "None",
      "netIncomeFromContinuingOperations": "29036000",
      "comprehensiveIncomeNetOfTax": "None",
      "ebit": "45021000",
      "ebitda": "52257000",
      "netIncome": "22657000"
    },
    {
      "fiscalDateEnding": "2021-03-31",
      "reportedCurrency": "USD",
      "grossProfit": "125248000",
      "totalRevenue": "198528000",
      "costOfRevenue": "73280000",
      "costofGoodsAndServicesSold": "73280000",
      "operatingIncome": "47959000",
      "sellingGeneralAndAdministrative": "51396000",
      "researchAndDevelopment": "None",
      "operatingExpenses": "74896000",
      "investmentIncomeNet": "None",
      "netInterestIncome": "9000",
      "interestIncome": "386000",
      "interestExpense": "377000",
      "nonInterestIncome": "None",
      "otherNonOperatingIncome": "2444000",
      "depreciation": "None",
      "depreciationAndAmortization": "2529000",
      "incomeBeforeTax": "50026000",
      "incomeTaxExpense": "13400000",
      "interestAndDebtExpense": "None",
      "netIncomeFromContinuingOperations": "36626000",
      "comprehensiveIncomeNetOfTax": "None",
      "ebit": "50352000",
      "ebitda": "52881000",
      "netIncome": "27662000"
    },
    {
      "fiscalDateEnding": "2020-12-31",
      "reportedCurrency": "USD",
      "grossProfit": "117647000",
      "totalRevenue": "184042000",
      "costOfRevenue": "66395000",
      "costofGoodsAndServicesSold": "66395000",
      "operatingIncome": "26470000",
      "sellingGeneralAndAdministrative": "16523000",
      "researchAndDevelopment": "None",
      "operatingExpenses": "91177000",
      "investmentIncomeNet": "None",
      "netInterestIncome": "251000",
      "interestIncome": "711000",
      "interestExpense": "460000",
      "nonInterestIncome": "None",
      "otherNonOperatingIncome": "-994000",
      "depreciation": "None",
      "depreciationAndAmortization": "2316000",
      "incomeBeforeTax": "25016000",
      "incomeTaxExpense": "7216000",
      "interestAndDebtExpense": "None",
      "netIncomeFromContinuingOperations": "17800000",
      "comprehensiveIncomeNetOfTax": "None",
      "ebit": "26470000",
      "ebitda": "28786000",
      "netIncome": "14739000"
    },
    {
      "fiscalDateEnding": "2020-09-30",
      "reportedCurrency": "USD",
      "grossProfit": "97198000",
      "totalRevenue": "160637000",
      "costOfRevenue": "63439000",
      "costofGoodsAndServicesSold": "63439000",
      "operatingIncome": "31357000",
      "sellingGeneralAndAdministrative": "64241000",
      "researchAndDevelopment": "None",
      "operatingExpenses": "65841000",
      "investmentIncomeNet": "None",
      "netInterestIncome": "245000",
      "interestIncome": "393000",
      "interestExpense": "148000",
      "nonInterestIncome": "None",
      "otherNonOperatingIncome": "-498000",
      "depreciation": "None",
      "depreciationAndAmortization": "2295000",
      "incomeBeforeTax": "30711000",
      "incomeTaxExpense": "8859000",
      "interestAndDebtExpense": "None",
      "netIncomeFromContinuingOperations": "21852000",
      "comprehensiveIncomeNetOfTax": "None",
      "ebit": "31357000",
      "ebitda": "33652000",
      "netIncome": "16538000"
    },
    {
      "fiscalDateEnding": "2020-06-30",
      "reportedCurrency": "USD",
      "grossProfit": "26844000",
      "totalRevenue": "49506000",
      "costOfRevenue": "22662000",
      "costofGoodsAndServicesSold": "22662000",
      "operatingIncome": "-5523000",
      "sellingGeneralAndAdministrative": "22567000",
      "researchAndDevelopment": "None",
      "operatingExpenses": "32367000",
      "investmentIncomeNet": "None",
      "netInterestIncome": "393000",
      "interestIncome": "754000",
      "interestExpense": "361000",
      "nonInterestIncome": "None",
      "otherNonOperatingIncome": "767000",
      "depreciation": "None",
      "depreciationAndAmortization": "2226000",
      "incomeBeforeTax": "-5117000",
      "incomeTaxExpense": "-2134000",
      "interestAndDebtExpense": "None",
      "netIncomeFromContinuingOperations": "-2983000",
      "comprehensiveIncomeNetOfTax": "None",
      "ebit": "-4756000",
      "ebitda": "-2530000",
      "netIncome": "-3118000"
    },
    {
      "fiscalDateEnding": "2020-03-31",
      "reportedCurrency": "USD",
      "grossProfit": "89041000",
      "totalRevenue": "144824000",
      "costOfRevenue": "55783000",
      "costofGoodsAndServicesSold": "55783000",
      "operatingIncome": "17779000",
      "sellingGeneralAndAdministrative": "29862000",
      "researchAndDevelopment": "None",
      "operatingExpenses": "71262000",
      "investmentIncomeNet": "None",
      "netInterestIncome": "6000",
      "interestIncome": "1007000",
      "interestExpense": "1001000",
      "nonInterestIncome": "None",
      "otherNonOperatingIncome": "1961000",
      "depreciation": "None",
      "depreciationAndAmortization": "2230000",
      "incomeBeforeTax": "18739000",
      "incomeTaxExpense": "5440000",
      "interestAndDebtExpense": "None",
      "netIncomeFromContinuingOperations": "13299000",
      "comprehensiveIncomeNetOfTax": "None",
      "ebit": "17779000",
      "ebitda": "20009000",
      "netIncome": "10059000"
    },
    {
      "fiscalDateEnding": "2019-12-31",
      "reportedCurrency": "USD",
      "grossProfit": "114684000",
      "totalRevenue": "177803000",
      "costOfRevenue": "63119000",
      "costofGoodsAndServicesSold": "63119000",
      "operatingIncome": "12335000",
      "sellingGeneralAndAdministrative": "34649000",
      "researchAndDevelopment": "None",
      "operatingExpenses": "102349000",
      "investmentIncomeNet": "None",
      "netInterestIncome": "-125000",
      "interestIncome": "807000",
      "interestExpense": "932000",
      "nonInterestIncome": "None",
      "otherNonOperatingIncome": "496000",
      "depreciation": "None",
      "depreciationAndAmortization": "2400000",
      "incomeBeforeTax": "11900000",
      "incomeTaxExpense": "3064000",
      "interestAndDebtExpense": "None",
      "netIncomeFromContinuingOperations": "8834000",
      "comprehensiveIncomeNetOfTax": "None",
      "ebit": "12334000",
      "ebitda": "14734000",
      "netIncome": "8189000"
    },
    {
      "fiscalDateEnding": "2019-09-30",
      "reportedCurrency": "USD",
      "grossProfit": "114437000",
      "totalRevenue": "191227000",
      "costOfRevenue": "76790000",
      "costofGoodsAndServicesSold": "76790000",
      "operatingIncome": "36644000",
      "sellingGeneralAndAdministrative": "32593000",
      "researchAndDevelopment": "None",
      "operatingExpenses": "77793000",
      "investmentIncomeNet": "None",
      "netInterestIncome": "178000",
      "interestIncome": "562000",
      "interestExpense": "384000",
      "nonInterestIncome": "None",
      "otherNonOperatingIncome": "441000",
      "depreciation": "None",
      "depreciationAndAmortization": "2215000",
      "incomeBeforeTax": "36701000",
      "incomeTaxExpense": "10043000",
      "interestAndDebtExpense": "None",
      "netIncomeFromContinuingOperations": "26658000",
      "comprehensiveIncomeNetOfTax": "None",
      "ebit": "36644000",
      "ebitda": "38859000",
      "netIncome": "20848000"
    },
    {
      "fiscalDateEnding": "2019-06-30",
      "reportedCurrency": "USD",
      "grossProfit": "106974000",
      "totalRevenue": "166242000",
      "costOfRevenue": "59268000",
      "costofGoodsAndServicesSold": "59268000",
      "operatingIncome": "22460000",
      "sellingGeneralAndAdministrative": "34114000",
      "researchAndDevelopment": "None",
      "operatingExpenses": "84514000",
      "investmentIncomeNet": "None",
      "netInterestIncome": "216000",
      "interestIncome": "419000",
      "interestExpense": "203000",
      "nonInterestIncome": "None",
      "otherNonOperatingIncome": "-127000",
      "depreciation": "None",
      "depreciationAndAmortization": "1964000",
      "incomeBeforeTax": "22130000",
      "incomeTaxExpense": "6530000",
      "interestAndDebtExpense": "None",
      "netIncomeFromContinuingOperations": "15600000",
      "comprehensiveIncomeNetOfTax": "None",
      "ebit": "22460000",
      "ebitda": "24424000",
      "netIncome": "12318000"
    },
    {
      "fiscalDateEnding": "2019-03-31",
      "reportedCurrency": "USD",
      "grossProfit": "109841000",
      "totalRevenue": "178242000",
      "costOfRevenue": "68401000",
      "costofGoodsAndServicesSold": "68401000",
      "operatingIncome": "33289000",
      "sellingGeneralAndAdministrative": "34552000",
      "researchAndDevelopment": "None",
      "operatingExpenses": "76552000",
      "investmentIncomeNet": "None",
      "netInterestIncome": "1280000",
      "interestIncome": "1129000",
      "interestExpense": "626000",
      "nonInterestIncome": "None",
      "otherNonOperatingIncome": "1755000",
      "depreciation": "None",
      "depreciationAndAmortization": "2150000",
      "incomeBeforeTax": "34418000",
      "incomeTaxExpense": "9440000",
      "interestAndDebtExpense": "None",
      "netIncomeFromContinuingOperations": "24978000",
      "comprehensiveIncomeNetOfTax": "None",
      "ebit": "33289000",
      "ebitda": "35439000",
      "netIncome": "18894000"
    },
    {
      "fiscalDateEnding": "2018-12-31",
      "reportedCurrency": "USD",
      "grossProfit": "117132000",
      "totalRevenue": "177227000",
      "costOfRevenue": "60095000",
      "costofGoodsAndServicesSold": "60095000",
      "operatingIncome": "10587000",
      "sellingGeneralAndAdministrative": "38845000",
      "researchAndDevelopment": "0",
      "operatingExpenses": "106545000",
      "investmentIncomeNet": "None",
      "netInterestIncome": "None",
      "interestIncome": "None",
      "interestExpense": "1025000",
      "nonInterestIncome": "None",
      "otherNonOperatingIncome": "200000",
      "depreciation": "None",
      "depreciationAndAmortization": "2757000",
      "incomeBeforeTax": "9762000",
      "incomeTaxExpense": "594000",
      "interestAndDebtExpense": "None",
      "netIncomeFromContinuingOperations": "9168000",
      "comprehensiveIncomeNetOfTax": "None",
      "ebit": "10587000",
      "ebitda": "13344000",
      "netIncome": "8047000"
    },
    {
      "fiscalDateEnding": "2018-09-30",
      "reportedCurrency": "USD",
      "grossProfit": "109147000",
      "totalRevenue": "177213000",
      "costOfRevenue": "68066000",
      "costofGoodsAndServicesSold": "68066000",
      "operatingIncome": "34978000",
      "sellingGeneralAndAdministrative": "31469000",
      "researchAndDevelopment": "0",
      "operatingExpenses": "74169000",
      "investmentIncomeNet": "None",
      "netInterestIncome": "None",
      "interestIncome": "None",
      "interestExpense": "523000",
      "nonInterestIncome": "None",
      "otherNonOperatingIncome": "-262000",
      "depreciation": "None",
      "depreciationAndAmortization": "2764000",
      "incomeBeforeTax": "34193000",
      "incomeTaxExpense": "9767000",
      "interestAndDebtExpense": "None",
      "netIncomeFromContinuingOperations": "24426000",
      "comprehensiveIncomeNetOfTax": "None",
      "ebit": "34978000",
      "ebitda": "37742000",
      "netIncome": "18938000"
    },
    {
      "fiscalDateEnding": "2018-06-30",
      "reportedCurrency": "USD",
      "grossProfit": "95654000",
      "totalRevenue": "149367000",
      "costOfRevenue": "53713000",
      "costofGoodsAndServicesSold": "53713000",
      "operatingIncome": "18769000",
      "sellingGeneralAndAdministrative": "31685000",
      "researchAndDevelopment": "0",
      "operatingExpenses": "76885000",
      "investmentIncomeNet": "None",
      "netInterestIncome": "None",
      "interestIncome": "None",
      "interestExpense": "568000",
      "nonInterestIncome": "None",
      "otherNonOperatingIncome": "2229000",
      "depreciation": "None",
      "depreciationAndAmortization": "2894000",
      "incomeBeforeTax": "20430000",
      "incomeTaxExpense": "6171000",
      "interestAndDebtExpense": "None",
      "netIncomeFromContinuingOperations": "14259000",
      "comprehensiveIncomeNetOfTax": "None",
      "ebit": "18769000",
      "ebitda": "21663000",
      "netIncome": "10899000"
    },
    {
      "fiscalDateEnding": "2018-03-31",
      "reportedCurrency": "USD",
      "grossProfit": "105629000",
      "totalRevenue": "171767000",
      "costOfRevenue": "66138000",
      "costofGoodsAndServicesSold": "66138000",
      "operatingIncome": "30398000",
      "sellingGeneralAndAdministrative": "34931000",
      "researchAndDevelopment": "0",
      "operatingExpenses": "75231000",
      "investmentIncomeNet": "None",
      "netInterestIncome": "None",
      "interestIncome": "None",
      "interestExpense": "462000",
      "nonInterestIncome": "None",
      "otherNonOperatingIncome": "1539000",
      "depreciation": "None",
      "depreciationAndAmortization": "2616000",
      "incomeBeforeTax": "31475000",
      "incomeTaxExpense": "9613000",
      "interestAndDebtExpense": "None",
      "netIncomeFromContinuingOperations": "21862000",
      "comprehensiveIncomeNetOfTax": "None",
      "ebit": "30398000",
      "ebitda": "33014000",
      "netIncome": "15909000"
    },
    {
      "fiscalDateEnding": "2017-12-31",
      "reportedCurrency": "USD",
      "grossProfit": "98801000",
      "totalRevenue": "149526000",
      "costOfRevenue": "50725000",
      "costofGoodsAndServicesSold": "50725000",
      "operatingIncome": "4814000",
      "sellingGeneralAndAdministrative": "35764000",
      "researchAndDevelopment": "0",
      "operatingExpenses": "91864000",
      "investmentIncomeNet": "None",
      "netInterestIncome": "None",
      "interestIncome": "None",
      "interestExpense": "498000",
      "nonInterestIncome": "None",
      "otherNonOperatingIncome": "-45000",
      "depreciation": "None",
      "depreciationAndAmortization": "4537000",
      "incomeBeforeTax": "4270000",
      "incomeTaxExpense": "-1502000",
      "interestAndDebtExpense": "None",
      "netIncomeFromContinuingOperations": "5772000",
      "comprehensiveIncomeNetOfTax": "None",
      "ebit": "2645000",
      "ebitda": "7182000",
      "netIncome": "4400000"
    },
    {
      "fiscalDateEnding": "2017-09-30",
      "reportedCurrency": "USD",
      "grossProfit": "103472000",
      "totalRevenue": "169531000",
      "costOfRevenue": "66059000",
      "costofGoodsAndServicesSold": "66059000",
      "operatingIncome": "33163000",
      "sellingGeneralAndAdministrative": "31109000",
      "researchAndDevelopment": "0",
      "operatingExpenses": "70309000",
      "investmentIncomeNet": "None",
      "netInterestIncome": "None",
      "interestIncome": "None",
      "interestExpense": "495000",
      "nonInterestIncome": "None",
      "otherNonOperatingIncome": "280000",
      "depreciation": "None",
      "depreciationAndAmortization": "2694000",
      "incomeBeforeTax": "32948000",
      "incomeTaxExpense": "10845000",
      "interestAndDebtExpense": "None",
      "netIncomeFromContinuingOperations": "22103000",
      "comprehensiveIncomeNetOfTax": "None",
      "ebit": "33163000",
      "ebitda": "35857000",
      "netIncome": "17077000"
    },
    {
      "fiscalDateEnding": "2017-06-30",
      "reportedCurrency": "USD",
      "grossProfit": "83943000",
      "totalRevenue": "129136000",
      "costOfRevenue": "45193000",
      "costofGoodsAndServicesSold": "45193000",
      "operatingIncome": "14475000",
      "sellingGeneralAndAdministrative": "30568000",
      "researchAndDevelopment": "0",
      "operatingExpenses": "69468000",
      "investmentIncomeNet": "None",
      "netInterestIncome": "None",
      "interestIncome": "None",
      "interestExpense": "727000",
      "nonInterestIncome": "None",
      "otherNonOperatingIncome": "83000",
      "depreciation": "None",
      "depreciationAndAmortization": "2064000",
      "incomeBeforeTax": "13831000",
      "incomeTaxExpense": "4620000",
      "interestAndDebtExpense": "None",
      "netIncomeFromContinuingOperations": "9211000",
      "comprehensiveIncomeNetOfTax": "None",
      "ebit": "14475000",
      "ebitda": "16539000",
      "netIncome": "6744000"
    },
    {
      "fiscalDateEnding": "2017-03-31",
      "reportedCurrency": "USD",
      "grossProfit": "90070000",
      "totalRevenue": "143058000",
      "costOfRevenue": "52988000",
      "costofGoodsAndServicesSold": "52988000",
      "operatingIncome": "26171000",
      "sellingGeneralAndAdministrative": "29999000",
      "researchAndDevelopment": "0",
      "operatingExpenses": "63899000",
      "investmentIncomeNet": "None",
      "netInterestIncome": "None",
      "interestIncome": "None",
      "interestExpense": "271000",
      "nonInterestIncome": "None",
      "otherNonOperatingIncome": "1116000",
      "depreciation": "None",
      "depreciationAndAmortization": "2619000",
      "incomeBeforeTax": "27016000",
      "incomeTaxExpense": "8849000",
      "interestAndDebtExpense": "None",
      "netIncomeFromContinuingOperations": "18167000",
      "comprehensiveIncomeNetOfTax": "None",
      "ebit": "26171000",
      "ebitda": "28790000",
      "netIncome": "13373000"
    },
    {
      "fiscalDateEnding": "2016-12-31",
      "reportedCurrency": "USD",
      "grossProfit": "85894000",
      "totalRevenue": "134771000",
      "costOfRevenue": "48877000",
      "costofGoodsAndServicesSold": "48877000",
      "operatingIncome": "5385000",
      "sellingGeneralAndAdministrative": "79502000",
      "researchAndDevelopment": "0",
      "operatingExpenses": "79503000",
      "investmentIncomeNet": "None",
      "netInterestIncome": "None",
      "interestIncome": "None",
      "interestExpense": "159000",
      "nonInterestIncome": "None",
      "otherNonOperatingIncome": "402000",
      "depreciation": "None",
      "depreciationAndAmortization": "8228000",
      "incomeBeforeTax": "5628000",
      "incomeTaxExpense": "1036000",
      "interestAndDebtExpense": "None",
      "netIncomeFromContinuingOperations": "4592000",
      "comprehensiveIncomeNetOfTax": "None",
      "ebit": "5787000",
      "ebitda": "14015000",
      "netIncome": "3927000"
    },
    {
      "fiscalDateEnding": "2016-09-30",
      "reportedCurrency": "USD",
      "grossProfit": "94832000",
      "totalRevenue": "157622000",
      "costOfRevenue": "62790000",
      "costofGoodsAndServicesSold": "62790000",
      "operatingIncome": "32303000",
      "sellingGeneralAndAdministrative": "26229000",
      "researchAndDevelopment": "0",
      "operatingExpenses": "62529000",
      "investmentIncomeNet": "None",
      "netInterestIncome": "None",
      "interestIncome": "None",
      "interestExpense": "515000",
      "nonInterestIncome": "None",
      "otherNonOperatingIncome": "431000",
      "depreciation": "None",
      "depreciationAndAmortization": "2408000",
      "incomeBeforeTax": "32219000",
      "incomeTaxExpense": "10740000",
      "interestAndDebtExpense": "None",
      "netIncomeFromContinuingOperations": "21479000",
      "comprehensiveIncomeNetOfTax": "None",
      "ebit": "32303000",
      "ebitda": "34711000",
      "netIncome": "16239000"
    },
    {
      "fiscalDateEnding": "2016-06-30",
      "reportedCurrency": "USD",
      "grossProfit": "74428000",
      "totalRevenue": "117157000",
      "costOfRevenue": "42729000",
      "costofGoodsAndServicesSold": "42729000",
      "operatingIncome": "11459000",
      "sellingGeneralAndAdministrative": "62969000",
      "researchAndDevelopment": "0",
      "operatingExpenses": "62969000",
      "investmentIncomeNet": "None",
      "netInterestIncome": "None",
      "interestIncome": "None",
      "interestExpense": "693000",
      "nonInterestIncome": "None",
      "otherNonOperatingIncome": "1263000",
      "depreciation": "None",
      "depreciationAndAmortization": "2367000",
      "incomeBeforeTax": "12029000",
      "incomeTaxExpense": "4300000",
      "interestAndDebtExpense": "None",
      "netIncomeFromContinuingOperations": "7729000",
      "comprehensiveIncomeNetOfTax": "None",
      "ebit": "11459000",
      "ebitda": "13826000",
      "netIncome": "5831000"
    },
    {
      "fiscalDateEnding": "2016-03-31",
      "reportedCurrency": "USD",
      "grossProfit": "71317000",
      "totalRevenue": "111522000",
      "costOfRevenue": "40205000",
      "costofGoodsAndServicesSold": "40205000",
      "operatingIncome": "17531000",
      "sellingGeneralAndAdministrative": "53786000",
      "researchAndDevelopment": "0",
      "operatingExpenses": "53786000",
      "investmentIncomeNet": "None",
      "netInterestIncome": "None",
      "interestIncome": "None",
      "interestExpense": "973000",
      "nonInterestIncome": "None",
      "otherNonOperatingIncome": "640000",
      "depreciation": "None",
      "depreciationAndAmortization": "2338000",
      "incomeBeforeTax": "17198000",
      "incomeTaxExpense": "7750000",
      "interestAndDebtExpense": "None",
      "netIncomeFromContinuingOperations": "9448000",
      "comprehensiveIncomeNetOfTax": "None",
      "ebit": "17531000",
      "ebitda": "19869000",
      "netIncome": "7334000"
    },
    {
      "fiscalDateEnding": "2015-12-31",
      "reportedCurrency": "USD",
      "grossProfit": "75710000",
      "totalRevenue": "118326000",
      "costOfRevenue": "42616000",
      "costofGoodsAndServicesSold": "42616000",
      "operatingIncome": "4257000",
      "sellingGeneralAndAdministrative": "71453000",
      "researchAndDevelopment": "0",
      "operatingExpenses": "71453000",
      "investmentIncomeNet": "None",
      "netInterestIncome": "None",
      "interestIncome": "None",
      "interestExpense": "1015000",
      "nonInterestIncome": "None",
      "otherNonOperatingIncome": "1040000",
      "depreciation": "None",
      "depreciationAndAmortization": "2360000",
      "incomeBeforeTax": "4283000",
      "incomeTaxExpense": "2773000",
      "interestAndDebtExpense": "None",
      "netIncomeFromContinuingOperations": "1510000",
      "comprehensiveIncomeNetOfTax": "None",
      "ebit": "4257000",
      "ebitda": "6617000",
      "netIncome": "1859000"
    },
    {
      "fiscalDateEnding": "2015-09-30",
      "reportedCurrency": "USD",
      "grossProfit": "85826000",
      "totalRevenue": "138944000",
      "costOfRevenue": "53118000",
      "costofGoodsAndServicesSold": "53118000",
      "operatingIncome": "27638000",
      "sellingGeneralAndAdministrative": "58188000",
      "researchAndDevelopment": "0",
      "operatingExpenses": "58188000",
      "investmentIncomeNet": "None",
      "netInterestIncome": "None",
      "interestIncome": "None",
      "interestExpense": "1041000",
      "nonInterestIncome": "None",
      "otherNonOperatingIncome": "1193000",
      "depreciation": "None",
      "depreciationAndAmortization": "2277000",
      "incomeBeforeTax": "27790000",
      "incomeTaxExpense": "9156000",
      "interestAndDebtExpense": "None",
      "netIncomeFromContinuingOperations": "18634000",
      "comprehensiveIncomeNetOfTax": "None",
      "ebit": "27638000",
      "ebitda": "29915000",
      "netIncome": "14220000"
    },
    {
      "fiscalDateEnding": "2015-06-30",
      "reportedCurrency": "USD",
      "grossProfit": "60325000",
      "totalRevenue": "102021000",
      "costOfRevenue": "41696000",
      "costofGoodsAndServicesSold": "41696000",
      "operatingIncome": "8242000",
      "sellingGeneralAndAdministrative": "52083000",
      "researchAndDevelopment": "0",
      "operatingExpenses": "52083000",
      "investmentIncomeNet": "None",
      "netInterestIncome": "None",
      "interestIncome": "None",
      "interestExpense": "613000",
      "nonInterestIncome": "None",
      "otherNonOperatingIncome": "696000",
      "depreciation": "None",
      "depreciationAndAmortization": "2213000",
      "incomeBeforeTax": "8325000",
      "incomeTaxExpense": "2805000",
      "interestAndDebtExpense": "None",
      "netIncomeFromContinuingOperations": "5520000",
      "comprehensiveIncomeNetOfTax": "None",
      "ebit": "8242000",
      "ebitda": "10455000",
      "netIncome": "4351000"
    },
    {
      "fiscalDateEnding": "2015-03-31",
      "reportedCurrency": "USD",
      "grossProfit": "67610000",
      "totalRevenue": "109249000",
      "costOfRevenue": "41639000",
      "costofGoodsAndServicesSold": "41639000",
      "operatingIncome": "21066000",
      "sellingGeneralAndAdministrative": "46544000",
      "researchAndDevelopment": "0",
      "operatingExpenses": "46544000",
      "investmentIncomeNet": "None",
      "netInterestIncome": "None",
      "interestIncome": "None",
      "interestExpense": "158000",
      "nonInterestIncome": "None",
      "otherNonOperatingIncome": "-810000",
      "depreciation": "None",
      "depreciationAndAmortization": "2228000",
      "incomeBeforeTax": "20098000",
      "incomeTaxExpense": "6793000",
      "interestAndDebtExpense": "None",
      "netIncomeFromContinuingOperations": "13305000",
      "comprehensiveIncomeNetOfTax": "None",
      "ebit": "21066000",
      "ebitda": "23294000",
      "netIncome": "10007000"
    },
    {
      "fiscalDateEnding": "2014-12-31",
      "reportedCurrency": "USD",
      "grossProfit": "74363000",
      "totalRevenue": "125133000",
      "costOfRevenue": "50770000",
      "costofGoodsAndServicesSold": "50770000",
      "operatingIncome": "4449000",
      "sellingGeneralAndAdministrative": "69914000",
      "researchAndDevelopment": "0",
      "operatingExpenses": "69914000",
      "investmentIncomeNet": "None",
      "netInterestIncome": "None",
      "interestIncome": "None",
      "interestExpense": "76000",
      "nonInterestIncome": "None",
      "otherNonOperatingIncome": "760000",
      "depreciation": "None",
      "depreciationAndAmortization": "2443000",
      "incomeBeforeTax": "5132000",
      "incomeTaxExpense": "1368000",
      "interestAndDebtExpense": "None",
      "netIncomeFromContinuingOperations": "3764000",
      "comprehensiveIncomeNetOfTax": "None",
      "ebit": "4449000",
      "ebitda": "6892000",
      "netIncome": "3320000"
    },
    {
      "fiscalDateEnding": "2014-09-30",
      "reportedCurrency": "USD",
      "grossProfit": "75328000",
      "totalRevenue": "134206000",
      "costOfRevenue": "58878000",
      "costofGoodsAndServicesSold": "58878000",
      "operatingIncome": "18681000",
      "sellingGeneralAndAdministrative": "56647000",
      "researchAndDevelopment": "0",
      "operatingExpenses": "56647000",
      "investmentIncomeNet": "None",
      "netInterestIncome": "None",
      "interestIncome": "None",
      "interestExpense": "554000",
      "nonInterestIncome": "None",
      "otherNonOperatingIncome": "2044000",
      "depreciation": "None",
      "depreciationAndAmortization": "2580000",
      "incomeBeforeTax": "20171000",
      "incomeTaxExpense": "6407000",
      "interestAndDebtExpense": "None",
      "netIncomeFromContinuingOperations": "13764000",
      "comprehensiveIncomeNetOfTax": "None",
      "ebit": "18681000",
      "ebitda": "21261000",
      "netIncome": "11113000"
    },
    {
      "fiscalDateEnding": "2014-06-30",
      "reportedCurrency": "USD",
      "grossProfit": "68116000",
      "totalRevenue": "118192000",
      "costOfRevenue": "50076000",
      "costofGoodsAndServicesSold": "50076000",
      "operatingIncome": "12851000",
      "sellingGeneralAndAdministrative": "55265000",
      "researchAndDevelopment": "0",
      "operatingExpenses": "55265000",
      "investmentIncomeNet": "None",
      "netInterestIncome": "None",
      "interestIncome": "None",
      "interestExpense": "574000",
      "nonInterestIncome": "None",
      "otherNonOperatingIncome": "826000",
      "depreciation": "None",
      "depreciationAndAmortization": "2598000",
      "incomeBeforeTax": "13103000",
      "incomeTaxExpense": "5436000",
      "interestAndDebtExpense": "None",
      "netIncomeFromContinuingOperations": "7667000",
      "comprehensiveIncomeNetOfTax": "None",
      "ebit": "12851000",
      "ebitda": "15449000",
      "netIncome": "6109000"
    },
    {
      "fiscalDateEnding": "2014-03-31",
      "reportedCurrency": "USD",
      "grossProfit": "69230000",
      "totalRevenue": "121730000",
      "costOfRevenue": "52500000",
      "costofGoodsAndServicesSold": "52500000",
      "operatingIncome": "17423000",
      "sellingGeneralAndAdministrative": "51807000",
      "researchAndDevelopment": "0",
      "operatingExpenses": "51807000",
      "investmentIncomeNet": "None",
      "netInterestIncome": "None",
      "interestIncome": "None",
      "interestExpense": "273000",
      "nonInterestIncome": "None",
      "otherNonOperatingIncome": "1160000",
      "depreciation": "None",
      "depreciationAndAmortization": "2545000",
      "incomeBeforeTax": "18310000",
      "incomeTaxExpense": "6160000",
      "interestAndDebtExpense": "None",
      "netIncomeFromContinuingOperations": "12150000",
      "comprehensiveIncomeNetOfTax": "None",
      "ebit": "17423000",
      "ebitda": "19968000",
      "netIncome": "8894000"
    },
    {
      "fiscalDateEnding": "2013-12-31",
      "reportedCurrency": "USD",
      "grossProfit": "60522000",
      "totalRevenue": "105531000",
      "costOfRevenue": "45009000",
      "costofGoodsAndServicesSold": "45009000",
      "operatingIncome": "-10768000",
      "sellingGeneralAndAdministrative": "71290000",
      "researchAndDevelopment": "0",
      "operatingExpenses": "71290000",
      "investmentIncomeNet": "None",
      "netInterestIncome": "None",
      "interestIncome": "None",
      "interestExpense": "152000",
      "nonInterestIncome": "None",
      "otherNonOperatingIncome": "959000",
      "depreciation": "None",
      "depreciationAndAmortization": "2659000",
      "incomeBeforeTax": "-9962000",
      "incomeTaxExpense": "-3562000",
      "interestAndDebtExpense": "None",
      "netIncomeFromContinuingOperations": "-6400000",
      "comprehensiveIncomeNetOfTax": "None",
      "ebit": "-10768000",
      "ebitda": "-8109000",
      "netIncome": "-4154000"
    },
    {
      "fiscalDateEnding": "2013-09-30",
      "reportedCurrency": "USD",
      "grossProfit": "70007000",
      "totalRevenue": "126753000",
      "costOfRevenue": "56746000",
      "costofGoodsAndServicesSold": "56746000",
      "operatingIncome": "14647000",
      "sellingGeneralAndAdministrative": "55360000",
      "researchAndDevelopment": "0",
      "operatingExpenses": "55360000",
      "investmentIncomeNet": "None",
      "netInterestIncome": "None",
      "interestIncome": "None",
      "interestExpense": "354000",
      "nonInterestIncome": "None",
      "otherNonOperatingIncome": "1042000",
      "depreciation": "None",
      "depreciationAndAmortization": "2448000",
      "incomeBeforeTax": "15335000",
      "incomeTaxExpense": "5432000",
      "interestAndDebtExpense": "None",
      "netIncomeFromContinuingOperations": "9903000",
      "comprehensiveIncomeNetOfTax": "None",
      "ebit": "14647000",
      "ebitda": "17095000",
      "netIncome": "7854000"
    },
    {
      "fiscalDateEnding": "2013-06-30",
      "reportedCurrency": "USD",
      "grossProfit": "63607000",
      "totalRevenue": "117485000",
      "costOfRevenue": "53878000",
      "costofGoodsAndServicesSold": "53878000",
      "operatingIncome": "7899000",
      "sellingGeneralAndAdministrative": "55708000",
      "researchAndDevelopment": "0",
      "operatingExpenses": "55708000",
      "investmentIncomeNet": "None",
      "netInterestIncome": "None",
      "interestIncome": "None",
      "interestExpense": "416000",
      "nonInterestIncome": "None",
      "otherNonOperatingIncome": "1525000",
      "depreciation": "None",
      "depreciationAndAmortization": "2340000",
      "incomeBeforeTax": "9008000",
      "incomeTaxExpense": "4487000",
      "interestAndDebtExpense": "None",
      "netIncomeFromContinuingOperations": "4521000",
      "comprehensiveIncomeNetOfTax": "None",
      "ebit": "9424000",
      "ebitda": "11764000",
      "netIncome": "3815000"
    },
    {
      "fiscalDateEnding": "2013-03-31",
      "reportedCurrency": "USD",
      "grossProfit": "134643000",
      "totalRevenue": "213810000",
      "costOfRevenue": "79167000",
      "costofGoodsAndServicesSold": "79167000",
      "operatingIncome": "66976000",
      "sellingGeneralAndAdministrative": "67667000",
      "researchAndDevelopment": "0",
      "operatingExpenses": "67667000",
      "investmentIncomeNet": "None",
      "netInterestIncome": "None",
      "interestIncome": "None",
      "interestExpense": "457000",
      "nonInterestIncome": "None",
      "otherNonOperatingIncome": "-254000",
      "depreciation": "None",
      "depreciationAndAmortization": "3663000",
      "incomeBeforeTax": "66265000",
      "incomeTaxExpense": "23323000",
      "interestAndDebtExpense": "None",
      "netIncomeFromContinuingOperations": "42942000",
      "comprehensiveIncomeNetOfTax": "None",
      "ebit": "66722000",
      "ebitda": "70385000",
      "netIncome": "31696000"
    },
    {
      "fiscalDateEnding": "2012-12-31",
      "reportedCurrency": "USD",
      "grossProfit": "111534000",
      "totalRevenue": "176930000",
      "costOfRevenue": "65396000",
      "costofGoodsAndServicesSold": "65396000",
      "operatingIncome": "211952000",
      "sellingGeneralAndAdministrative": "96609000",
      "researchAndDevelopment": "0",
      "operatingExpenses": "96609000",
      "investmentIncomeNet": "None",
      "netInterestIncome": "None",
      "interestIncome": "None",
      "interestExpense": "459000",
      "nonInterestIncome": "None",
      "otherNonOperatingIncome": "-298000",
      "depreciation": "None",
      "depreciationAndAmortization": "4146000",
      "incomeBeforeTax": "211195000",
      "incomeTaxExpense": "75217000",
      "interestAndDebtExpense": "None",
      "netIncomeFromContinuingOperations": "135978000",
      "comprehensiveIncomeNetOfTax": "None",
      "ebit": "211654000",
      "ebitda": "215800000",
      "netIncome": "99613000"
    },
    {
      "fiscalDateEnding": "2012-09-30",
      "reportedCurrency": "USD",
      "grossProfit": "101118000",
      "totalRevenue": "166264000",
      "costOfRevenue": "65146000",
      "costofGoodsAndServicesSold": "65146000",
      "operatingIncome": "22079000",
      "sellingGeneralAndAdministrative": "79039000",
      "researchAndDevelopment": "0",
      "operatingExpenses": "79039000",
      "investmentIncomeNet": "None",
      "netInterestIncome": "None",
      "interestIncome": "None",
      "interestExpense": "391000",
      "nonInterestIncome": "None",
      "otherNonOperatingIncome": "-1353000",
      "depreciation": "None",
      "depreciationAndAmortization": "3953000",
      "incomeBeforeTax": "20335000",
      "incomeTaxExpense": "7158000",
      "interestAndDebtExpense": "None",
      "netIncomeFromContinuingOperations": "13177000",
      "comprehensiveIncomeNetOfTax": "None",
      "ebit": "20726000",
      "ebitda": "24679000",
      "netIncome": "10018000"
    },
    {
      "fiscalDateEnding": "2012-06-30",
      "reportedCurrency": "USD",
      "grossProfit": "88456000",
      "totalRevenue": "145555000",
      "costOfRevenue": "57099000",
      "costofGoodsAndServicesSold": "57099000",
      "operatingIncome": "12628000",
      "sellingGeneralAndAdministrative": "75828000",
      "researchAndDevelopment": "0",
      "operatingExpenses": "75828000",
      "investmentIncomeNet": "None",
      "netInterestIncome": "None",
      "interestIncome": "None",
      "interestExpense": "442000",
      "nonInterestIncome": "None",
      "otherNonOperatingIncome": "-620000",
      "depreciation": "None",
      "depreciationAndAmortization": "3764000",
      "incomeBeforeTax": "11566000",
      "incomeTaxExpense": "4085000",
      "interestAndDebtExpense": "None",
      "netIncomeFromContinuingOperations": "7481000",
      "comprehensiveIncomeNetOfTax": "None",
      "ebit": "12008000",
      "ebitda": "15772000",
      "netIncome": "6008000"
    },
    {
      "fiscalDateEnding": "2012-03-31",
      "reportedCurrency": "USD",
      "grossProfit": "106678000",
      "totalRevenue": "165368000",
      "costOfRevenue": "58690000",
      "costofGoodsAndServicesSold": "58690000",
      "operatingIncome": "31754000",
      "sellingGeneralAndAdministrative": "74924000",
      "researchAndDevelopment": "0",
      "operatingExpenses": "74924000",
      "investmentIncomeNet": "None",
      "netInterestIncome": "None",
      "interestIncome": "None",
      "interestExpense": "362000",
      "nonInterestIncome": "None",
      "otherNonOperatingIncome": "276000",
      "depreciation": "None",
      "depreciationAndAmortization": "3691000",
      "incomeBeforeTax": "31668000",
      "incomeTaxExpense": "11414000",
      "interestAndDebtExpense": "None",
      "netIncomeFromContinuingOperations": "20254000",
      "comprehensiveIncomeNetOfTax": "None",
      "ebit": "32030000",
      "ebitda": "35721000",
      "netIncome": "15497000"
    },
    {
      "fiscalDateEnding": "2011-12-31",
      "reportedCurrency": "USD",
      "grossProfit": "116615000",
      "totalRevenue": "189088000",
      "costOfRevenue": "72473000",
      "costofGoodsAndServicesSold": "72473000",
      "operatingIncome": "9006000",
      "sellingGeneralAndAdministrative": "106772000",
      "researchAndDevelopment": "0",
      "operatingExpenses": "106772000",
      "investmentIncomeNet": "None",
      "netInterestIncome": "None",
      "interestIncome": "None",
      "interestExpense": "680000",
      "nonInterestIncome": "None",
      "otherNonOperatingIncome": "None",
      "depreciation": "None",
      "depreciationAndAmortization": "3449000",
      "incomeBeforeTax": "8939000",
      "incomeTaxExpense": "3042000",
      "interestAndDebtExpense": "None",
      "netIncomeFromContinuingOperations": "0",
      "comprehensiveIncomeNetOfTax": "None",
      "ebit": "9619000",
      "ebitda": "13068000",
      "netIncome": "4118000"
    },
    {
      "fiscalDateEnding": "2011-09-30",
      "reportedCurrency": "USD",
      "grossProfit": "108583000",
      "totalRevenue": "171706000",
      "costOfRevenue": "63123000",
      "costofGoodsAndServicesSold": "63123000",
      "operatingIncome": "21545000",
      "sellingGeneralAndAdministrative": "87038000",
      "researchAndDevelopment": "0",
      "operatingExpenses": "87038000",
      "investmentIncomeNet": "None",
      "netInterestIncome": "None",
      "interestIncome": "None",
      "interestExpense": "687000",
      "nonInterestIncome": "None",
      "otherNonOperatingIncome": "1480000",
      "depreciation": "None",
      "depreciationAndAmortization": "3403000",
      "incomeBeforeTax": "22338000",
      "incomeTaxExpense": "9054000",
      "interestAndDebtExpense": "None",
      "netIncomeFromContinuingOperations": "13284000",
      "comprehensiveIncomeNetOfTax": "None",
      "ebit": "23025000",
      "ebitda": "26428000",
      "netIncome": "10433000"
    },
    {
      "fiscalDateEnding": "2011-06-30",
      "reportedCurrency": "USD",
      "grossProfit": "74986000",
      "totalRevenue": "121063000",
      "costOfRevenue": "46077000",
      "costofGoodsAndServicesSold": "46077000",
      "operatingIncome": "10847000",
      "sellingGeneralAndAdministrative": "64139000",
      "researchAndDevelopment": "0",
      "operatingExpenses": "64139000",
      "investmentIncomeNet": "None",
      "netInterestIncome": "None",
      "interestIncome": "None",
      "interestExpense": "390000",
      "nonInterestIncome": "None",
      "otherNonOperatingIncome": "-178000",
      "depreciation": "None",
      "depreciationAndAmortization": "3241000",
      "incomeBeforeTax": "10279000",
      "incomeTaxExpense": "3851000",
      "interestAndDebtExpense": "None",
      "netIncomeFromContinuingOperations": "6428000",
      "comprehensiveIncomeNetOfTax": "None",
      "ebit": "10669000",
      "ebitda": "13910000",
      "netIncome": "4993000"
    },
    {
      "fiscalDateEnding": "2011-03-31",
      "reportedCurrency": "USD",
      "grossProfit": "86591000",
      "totalRevenue": "133363000",
      "costOfRevenue": "46772000",
      "costofGoodsAndServicesSold": "46772000",
      "operatingIncome": "25542000",
      "sellingGeneralAndAdministrative": "61049000",
      "researchAndDevelopment": "0",
      "operatingExpenses": "61049000",
      "investmentIncomeNet": "None",
      "netInterestIncome": "None",
      "interestIncome": "None",
      "interestExpense": "440000",
      "nonInterestIncome": "None",
      "otherNonOperatingIncome": "None",
      "depreciation": "None",
      "depreciationAndAmortization": "2980000",
      "incomeBeforeTax": "25838000",
      "incomeTaxExpense": "8498000",
      "interestAndDebtExpense": "None",
      "netIncomeFromContinuingOperations": "0",
      "comprehensiveIncomeNetOfTax": "None",
      "ebit": "26278000",
      "ebitda": "29258000",
      "netIncome": "12759000"
    },
    {
      "fiscalDateEnding": "2010-12-31",
      "reportedCurrency": "USD",
      "grossProfit": "66290000",
      "totalRevenue": "112420000",
      "costOfRevenue": "46130000",
      "costofGoodsAndServicesSold": "46130000",
      "operatingIncome": "12346000",
      "sellingGeneralAndAdministrative": "53944000",
      "researchAndDevelopment": "0",
      "operatingExpenses": "53944000",
      "investmentIncomeNet": "None",
      "netInterestIncome": "None",
      "interestIncome": "None",
      "interestExpense": "489000",
      "nonInterestIncome": "None",
      "otherNonOperatingIncome": "None",
      "depreciation": "None",
      "depreciationAndAmortization": "2398000",
      "incomeBeforeTax": "12835000",
      "incomeTaxExpense": "4502000",
      "interestAndDebtExpense": "None",
      "netIncomeFromContinuingOperations": "0",
      "comprehensiveIncomeNetOfTax": "None",
      "ebit": "13324000",
      "ebitda": "15722000",
      "netIncome": "6239000"
    },
    {
      "fiscalDateEnding": "2010-09-30",
      "reportedCurrency": "USD",
      "grossProfit": "71275000",
      "totalRevenue": "120853000",
      "costOfRevenue": "49578000",
      "costofGoodsAndServicesSold": "49578000",
      "operatingIncome": "16583000",
      "sellingGeneralAndAdministrative": "54692000",
      "researchAndDevelopment": "0",
      "operatingExpenses": "54692000",
      "investmentIncomeNet": "None",
      "netInterestIncome": "None",
      "interestIncome": "None",
      "interestExpense": "529000",
      "nonInterestIncome": "None",
      "otherNonOperatingIncome": "None",
      "depreciation": "None",
      "depreciationAndAmortization": "2125000",
      "incomeBeforeTax": "16897000",
      "incomeTaxExpense": "5488000",
      "interestAndDebtExpense": "None",
      "netIncomeFromContinuingOperations": "0",
      "comprehensiveIncomeNetOfTax": "None",
      "ebit": "17426000",
      "ebitda": "19551000",
      "netIncome": "8448000"
    },
    {
      "fiscalDateEnding": "2010-06-30",
      "reportedCurrency": "USD",
      "grossProfit": "64724000",
      "totalRevenue": "107765000",
      "costOfRevenue": "43041000",
      "costofGoodsAndServicesSold": "43041000",
      "operatingIncome": "11484000",
      "sellingGeneralAndAdministrative": "53240000",
      "researchAndDevelopment": "0",
      "operatingExpenses": "53240000",
      "investmentIncomeNet": "None",
      "netInterestIncome": "None",
      "interestIncome": "None",
      "interestExpense": "510000",
      "nonInterestIncome": "None",
      "otherNonOperatingIncome": "None",
      "depreciation": "None",
      "depreciationAndAmortization": "2272000",
      "incomeBeforeTax": "10801000",
      "incomeTaxExpense": "3818000",
      "interestAndDebtExpense": "None",
      "netIncomeFromContinuingOperations": "0",
      "comprehensiveIncomeNetOfTax": "None",
      "ebit": "11311000",
      "ebitda": "13583000",
      "netIncome": "5356000"
    },
    {
      "fiscalDateEnding": "2010-03-31",
      "reportedCurrency": "USD",
      "grossProfit": "71721000",
      "totalRevenue": "119373000",
      "costOfRevenue": "47652000",
      "costofGoodsAndServicesSold": "47652000",
      "operatingIncome": "16023000",
      "sellingGeneralAndAdministrative": "55698000",
      "researchAndDevelopment": "0",
      "operatingExpenses": "55698000",
      "investmentIncomeNet": "None",
      "netInterestIncome": "None",
      "interestIncome": "None",
      "interestExpense": "589000",
      "nonInterestIncome": "None",
      "otherNonOperatingIncome": "None",
      "depreciation": "None",
      "depreciationAndAmortization": "2393000",
      "incomeBeforeTax": "13307000",
      "incomeTaxExpense": "4357000",
      "interestAndDebtExpense": "None",
      "netIncomeFromContinuingOperations": "0",
      "comprehensiveIncomeNetOfTax": "None",
      "ebit": "16278000",
      "ebitda": "18671000",
      "netIncome": "6550000"
    },
    {
      "fiscalDateEnding": "2009-12-31",
      "reportedCurrency": "USD",
      "grossProfit": "63322000",
      "totalRevenue": "112909000",
      "costOfRevenue": "49587000",
      "costofGoodsAndServicesSold": "49587000",
      "operatingIncome": "13767000",
      "sellingGeneralAndAdministrative": "47878000",
      "researchAndDevelopment": "0",
      "operatingExpenses": "47878000",
      "investmentIncomeNet": "None",
      "netInterestIncome": "None",
      "interestIncome": "None",
      "interestExpense": "455000",
      "nonInterestIncome": "None",
      "otherNonOperatingIncome": "None",
      "depreciation": "None",
      "depreciationAndAmortization": "3205000",
      "incomeBeforeTax": "11965000",
      "incomeTaxExpense": "4427000",
      "interestAndDebtExpense": "None",
      "netIncomeFromContinuingOperations": "0",
      "comprehensiveIncomeNetOfTax": "None",
      "ebit": "15681000",
      "ebitda": "18886000",
      "netIncome": "5451000"
    },
    {
      "fiscalDateEnding": "2009-09-30",
      "reportedCurrency": "USD",
      "grossProfit": "67080000",
      "totalRevenue": "117542000",
      "costOfRevenue": "50462000",
      "costofGoodsAndServicesSold": "50462000",
      "operatingIncome": "13911000",
      "sellingGeneralAndAdministrative": "53169000",
      "researchAndDevelopment": "0",
      "operatingExpenses": "53169000",
      "investmentIncomeNet": "None",
      "netInterestIncome": "None",
      "interestIncome": "None",
      "interestExpense": "482000",
      "nonInterestIncome": "None",
      "otherNonOperatingIncome": "None",
      "depreciation": "None",
      "depreciationAndAmortization": "2650000",
      "incomeBeforeTax": "14418000",
      "incomeTaxExpense": "4807000",
      "interestAndDebtExpense": "None",
      "netIncomeFromContinuingOperations": "0",
      "comprehensiveIncomeNetOfTax": "None",
      "ebit": "11396000",
      "ebitda": "14046000",
      "netIncome": "7262000"
    },
    {
      "fiscalDateEnding": "2009-06-30",
      "reportedCurrency": "USD",
      "grossProfit": "50201000",
      "totalRevenue": "88604000",
      "costOfRevenue": "38403000",
      "costofGoodsAndServicesSold": "38403000",
      "operatingIncome": "6821000",
      "sellingGeneralAndAdministrative": "43380000",
      "researchAndDevelopment": "0",
      "operatingExpenses": "43380000",
      "investmentIncomeNet": "None",
      "netInterestIncome": "None",
      "interestIncome": "None",
      "interestExpense": "397000",
      "nonInterestIncome": "None",
      "otherNonOperatingIncome": "None",
      "depreciation": "None",
      "depreciationAndAmortization": "2772000",
      "incomeBeforeTax": "9088000",
      "incomeTaxExpense": "3335000",
      "interestAndDebtExpense": "None",
      "netIncomeFromContinuingOperations": "0",
      "comprehensiveIncomeNetOfTax": "None",
      "ebit": "9485000",
      "ebitda": "12257000",
      "netIncome": "4226000"
    },
    {
      "fiscalDateEnding": "2009-03-31",
      "reportedCurrency": "USD",
      "grossProfit": "53565000",
      "totalRevenue": "90409000",
      "costOfRevenue": "36844000",
      "costofGoodsAndServicesSold": "36844000",
      "operatingIncome": "10302000",
      "sellingGeneralAndAdministrative": "43263000",
      "researchAndDevelopment": "0",
      "operatingExpenses": "43263000",
      "investmentIncomeNet": "None",
      "netInterestIncome": "None",
      "interestIncome": "None",
      "interestExpense": "1312000",
      "nonInterestIncome": "None",
      "otherNonOperatingIncome": "None",
      "depreciation": "None",
      "depreciationAndAmortization": "2336000",
      "incomeBeforeTax": "10877000",
      "incomeTaxExpense": "3621000",
      "interestAndDebtExpense": "None",
      "netIncomeFromContinuingOperations": "0",
      "comprehensiveIncomeNetOfTax": "None",
      "ebit": "12189000",
      "ebitda": "14525000",
      "netIncome": "5428000"
    },
    {
      "fiscalDateEnding": "2008-12-31",
      "reportedCurrency": "USD",
      "grossProfit": "56822000",
      "totalRevenue": "100352000",
      "costOfRevenue": "43530000",
      "costofGoodsAndServicesSold": "43530000",
      "operatingIncome": "13746000",
      "sellingGeneralAndAdministrative": "42140000",
      "researchAndDevelopment": "0",
      "operatingExpenses": "43076000",
      "investmentIncomeNet": "None",
      "netInterestIncome": "None",
      "interestIncome": "None",
      "interestExpense": "2075000",
      "nonInterestIncome": "None",
      "otherNonOperatingIncome": "None",
      "depreciation": "None",
      "depreciationAndAmortization": "2259000",
      "incomeBeforeTax": "10687000",
      "incomeTaxExpense": "4071000",
      "interestAndDebtExpense": "None",
      "netIncomeFromContinuingOperations": "0",
      "comprehensiveIncomeNetOfTax": "None",
      "ebit": "13746000",
      "ebitda": "16005000",
      "netIncome": "5097000"
    },
    {
      "fiscalDateEnding": "2008-09-30",
      "reportedCurrency": "USD",
      "grossProfit": "67325000",
      "totalRevenue": "123531000",
      "costOfRevenue": "56206000",
      "costofGoodsAndServicesSold": "56206000",
      "operatingIncome": "11286000",
      "sellingGeneralAndAdministrative": "56039000",
      "researchAndDevelopment": "0",
      "operatingExpenses": "56039000",
      "investmentIncomeNet": "None",
      "netInterestIncome": "None",
      "interestIncome": "None",
      "interestExpense": "1418000",
      "nonInterestIncome": "None",
      "otherNonOperatingIncome": "None",
      "depreciation": "None",
      "depreciationAndAmortization": "2555000",
      "incomeBeforeTax": "10237000",
      "incomeTaxExpense": "2358000",
      "interestAndDebtExpense": "None",
      "netIncomeFromContinuingOperations": "0",
      "comprehensiveIncomeNetOfTax": "None",
      "ebit": "11655000",
      "ebitda": "14210000",
      "netIncome": "6188000"
    },
    {
      "fiscalDateEnding": "2008-06-30",
      "reportedCurrency": "USD",
      "grossProfit": "55974000",
      "totalRevenue": "99078000",
      "costOfRevenue": "43104000",
      "costofGoodsAndServicesSold": "43104000",
      "operatingIncome": "6832000",
      "sellingGeneralAndAdministrative": "49142000",
      "researchAndDevelopment": "0",
      "operatingExpenses": "49142000",
      "investmentIncomeNet": "None",
      "netInterestIncome": "None",
      "interestIncome": "None",
      "interestExpense": "376000",
      "nonInterestIncome": "None",
      "otherNonOperatingIncome": "None",
      "depreciation": "None",
      "depreciationAndAmortization": "2651000",
      "incomeBeforeTax": "7188000",
      "incomeTaxExpense": "2698000",
      "interestAndDebtExpense": "None",
      "netIncomeFromContinuingOperations": "0",
      "comprehensiveIncomeNetOfTax": "None",
      "ebit": "7564000",
      "ebitda": "10215000",
      "netIncome": "3772000"
    },
    {
      "fiscalDateEnding": "2008-03-31",
      "reportedCurrency": "USD",
      "grossProfit": "74088000",
      "totalRevenue": "123163000",
      "costOfRevenue": "49075000",
      "costofGoodsAndServicesSold": "49075000",
      "operatingIncome": "19145000",
      "sellingGeneralAndAdministrative": "54943000",
      "researchAndDevelopment": "0",
      "operatingExpenses": "54943000",
      "investmentIncomeNet": "None",
      "netInterestIncome": "None",
      "interestIncome": "None",
      "interestExpense": "1071000",
      "nonInterestIncome": "None",
      "otherNonOperatingIncome": "None",
      "depreciation": "None",
      "depreciationAndAmortization": "2460000",
      "incomeBeforeTax": "18320000",
      "incomeTaxExpense": "7184000",
      "interestAndDebtExpense": "None",
      "netIncomeFromContinuingOperations": "0",
      "comprehensiveIncomeNetOfTax": "None",
      "ebit": "19391000",
      "ebitda": "21851000",
      "netIncome": "8708000"
    },
    {
      "fiscalDateEnding": "2007-12-31",
      "reportedCurrency": "USD",
      "grossProfit": "69275000",
      "totalRevenue": "119355000",
      "costOfRevenue": "50080000",
      "costofGoodsAndServicesSold": "50080000",
      "operatingIncome": "16372000",
      "sellingGeneralAndAdministrative": "52035000",
      "researchAndDevelopment": "0",
      "operatingExpenses": "52903000",
      "investmentIncomeNet": "None",
      "netInterestIncome": "None",
      "interestIncome": "None",
      "interestExpense": "1507000",
      "nonInterestIncome": "None",
      "otherNonOperatingIncome": "None",
      "depreciation": "None",
      "depreciationAndAmortization": "1955000",
      "incomeBeforeTax": "16169000",
      "incomeTaxExpense": "6260000",
      "interestAndDebtExpense": "None",
      "netIncomeFromContinuingOperations": "0",
      "comprehensiveIncomeNetOfTax": "None",
      "ebit": "16372000",
      "ebitda": "18327000",
      "netIncome": "8615000"
    },
    {
      "fiscalDateEnding": "2007-09-30",
      "reportedCurrency": "USD",
      "grossProfit": "60066000",
      "totalRevenue": "102320000",
      "costOfRevenue": "42254000",
      "costofGoodsAndServicesSold": "42254000",
      "operatingIncome": "12384000",
      "sellingGeneralAndAdministrative": "47682000",
      "researchAndDevelopment": "0",
      "operatingExpenses": "47682000",
      "investmentIncomeNet": "None",
      "netInterestIncome": "None",
      "interestIncome": "None",
      "interestExpense": "945000",
      "nonInterestIncome": "None",
      "otherNonOperatingIncome": "None",
      "depreciation": "None",
      "depreciationAndAmortization": "1959000",
      "incomeBeforeTax": "11756000",
      "incomeTaxExpense": "3967000",
      "interestAndDebtExpense": "None",
      "netIncomeFromContinuingOperations": "0",
      "comprehensiveIncomeNetOfTax": "None",
      "ebit": "10425000",
      "ebitda": "12384000",
      "netIncome": "5660000"
    },
    {
      "fiscalDateEnding": "2007-06-30",
      "reportedCurrency": "USD",
      "grossProfit": "48149000",
      "totalRevenue": "82764000",
      "costOfRevenue": "34615000",
      "costofGoodsAndServicesSold": "34615000",
      "operatingIncome": "6783000",
      "sellingGeneralAndAdministrative": "41366000",
      "researchAndDevelopment": "0",
      "operatingExpenses": "41366000",
      "investmentIncomeNet": "None",
      "netInterestIncome": "None",
      "interestIncome": "None",
      "interestExpense": "632000",
      "nonInterestIncome": "None",
      "otherNonOperatingIncome": "None",
      "depreciation": "None",
      "depreciationAndAmortization": "2105000",
      "incomeBeforeTax": "7300000",
      "incomeTaxExpense": "2272000",
      "interestAndDebtExpense": "None",
      "netIncomeFromContinuingOperations": "0",
      "comprehensiveIncomeNetOfTax": "None",
      "ebit": "4678000",
      "ebitda": "6783000",
      "netIncome": "3749000"
    },
    {
      "fiscalDateEnding": "2007-03-31",
      "reportedCurrency": "USD",
      "grossProfit": "51933000",
      "totalRevenue": "85120000",
      "costOfRevenue": "33187000",
      "costofGoodsAndServicesSold": "33187000",
      "operatingIncome": "11792000",
      "sellingGeneralAndAdministrative": "40141000",
      "researchAndDevelopment": "0",
      "operatingExpenses": "40141000",
      "investmentIncomeNet": "None",
      "netInterestIncome": "None",
      "interestIncome": "None",
      "interestExpense": "582000",
      "nonInterestIncome": "None",
      "otherNonOperatingIncome": "None",
      "depreciation": "None",
      "depreciationAndAmortization": "2012000",
      "incomeBeforeTax": "12052000",
      "incomeTaxExpense": "4177000",
      "interestAndDebtExpense": "None",
      "netIncomeFromContinuingOperations": "0",
      "comprehensiveIncomeNetOfTax": "None",
      "ebit": "9780000",
      "ebitda": "11792000",
      "netIncome": "5793000"
    },
    {
      "fiscalDateEnding": "2006-12-31",
      "reportedCurrency": "USD",
      "grossProfit": "48544000",
      "totalRevenue": "90178000",
      "costOfRevenue": "41634000",
      "costofGoodsAndServicesSold": "41634000",
      "operatingIncome": "11134000",
      "sellingGeneralAndAdministrative": "37410000",
      "researchAndDevelopment": "0",
      "operatingExpenses": "37410000",
      "investmentIncomeNet": "None",
      "netInterestIncome": "None",
      "interestIncome": "None",
      "interestExpense": "967000",
      "nonInterestIncome": "None",
      "otherNonOperatingIncome": "None",
      "depreciation": "None",
      "depreciationAndAmortization": "1597000",
      "incomeBeforeTax": "11213000",
      "incomeTaxExpense": "4374000",
      "interestAndDebtExpense": "None",
      "netIncomeFromContinuingOperations": "0",
      "comprehensiveIncomeNetOfTax": "None",
      "ebit": "11134000",
      "ebitda": "12731000",
      "netIncome": "5485000"
    },
    {
      "fiscalDateEnding": "2006-09-30",
      "reportedCurrency": "USD",
      "grossProfit": "48688000",
      "totalRevenue": "89690000",
      "costOfRevenue": "41002000",
      "costofGoodsAndServicesSold": "41002000",
      "operatingIncome": "9425000",
      "sellingGeneralAndAdministrative": "39263000",
      "researchAndDevelopment": "0",
      "operatingExpenses": "39263000",
      "investmentIncomeNet": "None",
      "netInterestIncome": "None",
      "interestIncome": "None",
      "interestExpense": "311000",
      "nonInterestIncome": "None",
      "otherNonOperatingIncome": "None",
      "depreciation": "None",
      "depreciationAndAmortization": "1211000",
      "incomeBeforeTax": "9467000",
      "incomeTaxExpense": "3192000",
      "interestAndDebtExpense": "None",
      "netIncomeFromContinuingOperations": "0",
      "comprehensiveIncomeNetOfTax": "None",
      "ebit": "8214000",
      "ebitda": "9425000",
      "netIncome": "4645000"
    },
    {
      "fiscalDateEnding": "2006-06-30",
      "reportedCurrency": "USD",
      "grossProfit": "39670000",
      "totalRevenue": "70285000",
      "costOfRevenue": "30615000",
      "costofGoodsAndServicesSold": "30615000",
      "operatingIncome": "6333000",
      "sellingGeneralAndAdministrative": "33337000",
      "researchAndDevelopment": "0",
      "operatingExpenses": "33337000",
      "investmentIncomeNet": "None",
      "netInterestIncome": "None",
      "interestIncome": "None",
      "interestExpense": "318000",
      "nonInterestIncome": "None",
      "otherNonOperatingIncome": "None",
      "depreciation": "None",
      "depreciationAndAmortization": "1318000",
      "incomeBeforeTax": "6675000",
      "incomeTaxExpense": "2293000",
      "interestAndDebtExpense": "None",
      "netIncomeFromContinuingOperations": "0",
      "comprehensiveIncomeNetOfTax": "None",
      "ebit": "5015000",
      "ebitda": "6333000",
      "netIncome": "3192000"
    },
    {
      "fiscalDateEnding": "2006-03-31",
      "reportedCurrency": "USD",
      "grossProfit": "40296000",
      "totalRevenue": "70900000",
      "costOfRevenue": "30604000",
      "costofGoodsAndServicesSold": "30604000",
      "operatingIncome": "9233000",
      "sellingGeneralAndAdministrative": "31063000",
      "researchAndDevelopment": "0",
      "operatingExpenses": "31063000",
      "investmentIncomeNet": "None",
      "netInterestIncome": "None",
      "interestIncome": "None",
      "interestExpense": "201000",
      "nonInterestIncome": "None",
      "otherNonOperatingIncome": "None",
      "depreciation": "None",
      "depreciationAndAmortization": "1221000",
      "incomeBeforeTax": "9780000",
      "incomeTaxExpense": "3342000",
      "interestAndDebtExpense": "None",
      "netIncomeFromContinuingOperations": "0",
      "comprehensiveIncomeNetOfTax": "None",
      "ebit": "8012000",
      "ebitda": "9233000",
      "netIncome": "4420000"
    },
    {
      "fiscalDateEnding": "2005-12-31",
      "reportedCurrency": "USD",
      "grossProfit": "40177000",
      "totalRevenue": "65658000",
      "costOfRevenue": "25481000",
      "costofGoodsAndServicesSold": "25481000",
      "operatingIncome": "8110000",
      "sellingGeneralAndAdministrative": "32067000",
      "researchAndDevelopment": "0",
      "operatingExpenses": "32337000",
      "investmentIncomeNet": "None",
      "netInterestIncome": "None",
      "interestIncome": "None",
      "interestExpense": "278000",
      "nonInterestIncome": "None",
      "otherNonOperatingIncome": "None",
      "depreciation": "None",
      "depreciationAndAmortization": "1275000",
      "incomeBeforeTax": "8096000",
      "incomeTaxExpense": "2613000",
      "interestAndDebtExpense": "None",
      "netIncomeFromContinuingOperations": "0",
      "comprehensiveIncomeNetOfTax": "None",
      "ebit": "7840000",
      "ebitda": "9115000",
      "netIncome": "3892000"
    },
    {
      "fiscalDateEnding": "2005-09-30",
      "reportedCurrency": "USD",
      "grossProfit": "42357000",
      "totalRevenue": "75446000",
      "costOfRevenue": "33089000",
      "costofGoodsAndServicesSold": "33089000",
      "operatingIncome": "7233000",
      "sellingGeneralAndAdministrative": "35124000",
      "researchAndDevelopment": "0",
      "operatingExpenses": "35124000",
      "investmentIncomeNet": "None",
      "netInterestIncome": "None",
      "interestIncome": "None",
      "interestExpense": "278000",
      "nonInterestIncome": "None",
      "otherNonOperatingIncome": "None",
      "depreciation": "None",
      "depreciationAndAmortization": "1134000",
      "incomeBeforeTax": "7542000",
      "incomeTaxExpense": "2545000",
      "interestAndDebtExpense": "None",
      "netIncomeFromContinuingOperations": "0",
      "comprehensiveIncomeNetOfTax": "None",
      "ebit": "7233000",
      "ebitda": "8367000",
      "netIncome": "3754000"
    },
    {
      "fiscalDateEnding": "2005-06-30",
      "reportedCurrency": "USD",
      "grossProfit": "34595000",
      "totalRevenue": "61343000",
      "costOfRevenue": "26748000",
      "costofGoodsAndServicesSold": "26748000",
      "operatingIncome": "6997000",
      "sellingGeneralAndAdministrative": "27598000",
      "researchAndDevelopment": "0",
      "operatingExpenses": "27598000",
      "investmentIncomeNet": "None",
      "netInterestIncome": "None",
      "interestIncome": "None",
      "interestExpense": "384000",
      "nonInterestIncome": "None",
      "otherNonOperatingIncome": "None",
      "depreciation": "None",
      "depreciationAndAmortization": "681000",
      "incomeBeforeTax": "7122000",
      "incomeTaxExpense": "2819000",
      "interestAndDebtExpense": "None",
      "netIncomeFromContinuingOperations": "0",
      "comprehensiveIncomeNetOfTax": "None",
      "ebit": "6997000",
      "ebitda": "7678000",
      "netIncome": "3214000"
    }
  ]
}