{
  "symbol": "CALM",
  "annualReports": [
    {
      "fiscalDateEnding": "2025-05-31",
      "reportedCurrency": "USD",
      "grossProfit": "1850885000",
      "totalRevenue": "4261885000",
      "costOfRevenue": "2411000000",
      "costofGoodsAndServicesSold": "2411000000",
      "operatingIncome": "1551436000",
      "sellingGeneralAndAdministrative": "314449000",
      "researchAndDevelopment": "None",
      "operatingExpenses": "299449000",
      "investmentIncomeNet": "None",
      "netInterestIncome": "48059000",
      "interestIncome": "48671000",
      "interestExpense": "612000",
      "nonInterestIncome": "None",
      "otherNonOperatingIncome": "None",
      "depreciation": "None",
      "depreciationAndAmortization": "94021000",
      "incomeBeforeTax": "1603142000",
      "incomeTaxExpense": "384910000",
      "interestAndDebtExpense": "None",
      "netIncomeFromContinuingOperations": "1218232000",
      "comprehensiveIncomeNetOfTax": "None",
      "ebit": "1603754000",
      "ebitda": "1697775000",
      "netIncome": "1220048000"
    },
    {
      "fiscalDateEnding": "2024-05-31",
      "reportedCurrency": "USD",
      "grossProfit": "541571000",
      "totalRevenue": "2326443000",
      "costOfRevenue": "1784872000",
      "costofGoodsAndServicesSold": "1784872000",
      "operatingIncome": "312452000",
      "sellingGeneralAndAdministrative": "107950000",
      "researchAndDevelopment": "None",
      "operatingExpenses": "229119000",
      "investmentIncomeNet": "None",
      "netInterestIncome": "31726000",
      "interestIncome": "32275000",
      "interestExpense": "549000",
      "nonInterestIncome": "None",
      "otherNonOperatingIncome": "None",
      "depreciation": "None",
      "depreciationAndAmortization": "80241000",
      "incomeBeforeTax": "359971000",
      "incomeTaxExpense": "83689000",
      "interestAndDebtExpense": "None",
      "netIncomeFromContinuingOperations": "276282000",
      "comprehensiveIncomeNetOfTax": "None",
      "ebit": "360520000",
      "ebitda": "440761000",
      "netIncome": "277888000"
    },
    {
      "fiscalDateEnding": "2023-05-31",
      "reportedCurrency": "USD",
      "grossProfit": "1196457000",
      "totalRevenue": "3146217000",
      "costOfRevenue": "1949760000",
      "costofGoodsAndServicesSold": "1949760000",
      "operatingIncome": "967726000",
      "sellingGeneralAndAdministrative": "97461000",
      "researchAndDevelopment": "None",
      "operatingExpenses": "228731000",
      "investmentIncomeNet": "None",
      "netInterestIncome": "17970000",
      "interestIncome": "18553000",
      "interestExpense": "583000",
      "nonInterestIncome": "None",
      "otherNonOperatingIncome": "31407000",
      "depreciation": "None",
      "depreciationAndAmortization": "72234000",
      "incomeBeforeTax": "998550000",
      "incomeTaxExpense": "241818000",
      "interestAndDebtExpense": "None",
      "netIncomeFromContinuingOperations": "756732000",
      "comprehensiveIncomeNetOfTax": "None",
      "ebit": "999133000",
      "ebitda": "1071367000",
      "netIncome": "758024000"
    },
    {
      "fiscalDateEnding": "2022-05-31",
      "reportedCurrency": "USD",
      "grossProfit": "337059000",
      "totalRevenue": "1777159000",
      "costOfRevenue": "1440100000",
      "costofGoodsAndServicesSold": "1440100000",
      "operatingIncome": "143537000",
      "sellingGeneralAndAdministrative": "135954000",
      "researchAndDevelopment": "None",
      "operatingExpenses": "193522000",
      "investmentIncomeNet": "None",
      "netInterestIncome": "585000",
      "interestIncome": "988000",
      "interestExpense": "403000",
      "nonInterestIncome": "None",
      "otherNonOperatingIncome": "22881000",
      "depreciation": "None",
      "depreciationAndAmortization": "68395000",
      "incomeBeforeTax": "166015000",
      "incomeTaxExpense": "33574000",
      "interestAndDebtExpense": "None",
      "netIncomeFromContinuingOperations": "132441000",
      "comprehensiveIncomeNetOfTax": "None",
      "ebit": "166418000",
      "ebitda": "234813000",
      "netIncome": "132650000"
    },
    {
      "fiscalDateEnding": "2021-05-31",
      "reportedCurrency": "USD",
      "grossProfit": "160661000",
      "totalRevenue": "1348987000",
      "costOfRevenue": "1188326000",
      "costofGoodsAndServicesSold": "1188326000",
      "operatingIncome": "-26264000",
      "sellingGeneralAndAdministrative": "131273000",
      "researchAndDevelopment": "None",
      "operatingExpenses": "186925000",
      "investmentIncomeNet": "None",
      "netInterestIncome": "2615000",
      "interestIncome": "2828000",
      "interestExpense": "213000",
      "nonInterestIncome": "None",
      "otherNonOperatingIncome": "16528000",
      "depreciation": "None",
      "depreciationAndAmortization": "59477000",
      "incomeBeforeTax": "-9949000",
      "incomeTaxExpense": "-12009000",
      "interestAndDebtExpense": "None",
      "netIncomeFromContinuingOperations": "2060000",
      "comprehensiveIncomeNetOfTax": "None",
      "ebit": "-9736000",
      "ebitda": "49741000",
      "netIncome": "2060000"
    },
    {
      "fiscalDateEnding": "2020-05-31",
      "reportedCurrency": "USD",
      "grossProfit": "179588000",
      "totalRevenue": "1351609000",
      "costOfRevenue": "1172021000",
      "costofGoodsAndServicesSold": "1172021000",
      "operatingIncome": "1269000",
      "sellingGeneralAndAdministrative": "126007000",
      "researchAndDevelopment": "None",
      "operatingExpenses": "178319000",
      "investmentIncomeNet": "None",
      "netInterestIncome": "4464000",
      "interestIncome": "4962000",
      "interestExpense": "498000",
      "nonInterestIncome": "None",
      "otherNonOperatingIncome": "19288000",
      "depreciation": "None",
      "depreciationAndAmortization": "58103000",
      "incomeBeforeTax": "20059000",
      "incomeTaxExpense": "1731000",
      "interestAndDebtExpense": "None",
      "netIncomeFromContinuingOperations": "18328000",
      "comprehensiveIncomeNetOfTax": "None",
      "ebit": "20557000",
      "ebitda": "78660000",
      "netIncome": "18391000"
    },
    {
      "fiscalDateEnding": "2019-05-31",
      "reportedCurrency": "USD",
      "grossProfit": "222859000",
      "totalRevenue": "1361188000",
      "costOfRevenue": "1138329000",
      "costofGoodsAndServicesSold": "1138329000",
      "operatingIncome": "45781000",
      "sellingGeneralAndAdministrative": "121200000",
      "researchAndDevelopment": "None",
      "operatingExpenses": "177078000",
      "investmentIncomeNet": "None",
      "netInterestIncome": "7334000",
      "interestIncome": "7978000",
      "interestExpense": "644000",
      "nonInterestIncome": "None",
      "otherNonOperatingIncome": "25668000",
      "depreciation": "None",
      "depreciationAndAmortization": "54650000",
      "incomeBeforeTax": "70805000",
      "incomeTaxExpense": "15743000",
      "interestAndDebtExpense": "None",
      "netIncomeFromContinuingOperations": "55062000",
      "comprehensiveIncomeNetOfTax": "None",
      "ebit": "71449000",
      "ebitda": "126099000",
      "netIncome": "54229000"
    },
    {
      "fiscalDateEnding": "2018-05-31",
      "reportedCurrency": "USD",
      "grossProfit": "361046000",
      "totalRevenue": "1502932000",
      "costOfRevenue": "1141886000",
      "costofGoodsAndServicesSold": "1141886000",
      "operatingIncome": "102675000",
      "sellingGeneralAndAdministrative": "123972000",
      "researchAndDevelopment": "0",
      "operatingExpenses": "177149000",
      "investmentIncomeNet": "None",
      "netInterestIncome": "3432000",
      "interestIncome": "3697000",
      "interestExpense": "265000",
      "nonInterestIncome": "None",
      "otherNonOperatingIncome": "14910000",
      "depreciation": "None",
      "depreciationAndAmortization": "54026000",
      "incomeBeforeTax": "117337000",
      "incomeTaxExpense": "-8859000",
      "interestAndDebtExpense": "None",
      "netIncomeFromContinuingOperations": "126196000",
      "comprehensiveIncomeNetOfTax": "None",
      "ebit": "102675000",
      "ebitda": "156701000",
      "netIncome": "125932000"
    },
    {
      "fiscalDateEnding": "2017-05-31",
      "reportedCurrency": "USD",
      "grossProfit": "45550000",
      "totalRevenue": "1074513000",
      "costOfRevenue": "1028963000",
      "costofGoodsAndServicesSold": "1028963000",
      "operatingIncome": "-132094000",
      "sellingGeneralAndAdministrative": "120698000",
      "researchAndDevelopment": "0",
      "operatingExpenses": "173980000",
      "investmentIncomeNet": "None",
      "netInterestIncome": "2785000",
      "interestIncome": "3103000",
      "interestExpense": "318000",
      "nonInterestIncome": "None",
      "otherNonOperatingIncome": "18118000",
      "depreciation": "None",
      "depreciationAndAmortization": "49113000",
      "incomeBeforeTax": "-114294000",
      "incomeTaxExpense": "-39867000",
      "interestAndDebtExpense": "None",
      "netIncomeFromContinuingOperations": "-74427000",
      "comprehensiveIncomeNetOfTax": "None",
      "ebit": "-132094000",
      "ebitda": "-82981000",
      "netIncome": "-74278000"
    },
    {
      "fiscalDateEnding": "2016-05-31",
      "reportedCurrency": "USD",
      "grossProfit": "648074000",
      "totalRevenue": "1908650000",
      "costOfRevenue": "1260576000",
      "costofGoodsAndServicesSold": "1260576000",
      "operatingIncome": "470314000",
      "sellingGeneralAndAdministrative": "128131000",
      "researchAndDevelopment": "0",
      "operatingExpenses": "177760000",
      "investmentIncomeNet": "None",
      "netInterestIncome": "3158000",
      "interestIncome": "4314000",
      "interestExpense": "1156000",
      "nonInterestIncome": "None",
      "otherNonOperatingIncome": "18091000",
      "depreciation": "None",
      "depreciationAndAmortization": "44592000",
      "incomeBeforeTax": "487249000",
      "incomeTaxExpense": "169202000",
      "interestAndDebtExpense": "None",
      "netIncomeFromContinuingOperations": "318047000",
      "comprehensiveIncomeNetOfTax": "None",
      "ebit": "470314000",
      "ebitda": "514906000",
      "netIncome": "316041000"
    },
    {
      "fiscalDateEnding": "2015-05-31",
      "reportedCurrency": "USD",
      "grossProfit": "395721000",
      "totalRevenue": "1576128000",
      "costOfRevenue": "1180407000",
      "costofGoodsAndServicesSold": "1180407000",
      "operatingIncome": "235335000",
      "sellingGeneralAndAdministrative": "113387000",
      "researchAndDevelopment": "0",
      "operatingExpenses": "160386000",
      "investmentIncomeNet": "None",
      "netInterestIncome": "None",
      "interestIncome": "None",
      "interestExpense": "2313000",
      "nonInterestIncome": "None",
      "otherNonOperatingIncome": "13527000",
      "depreciation": "None",
      "depreciationAndAmortization": "40708000",
      "incomeBeforeTax": "246549000",
      "incomeTaxExpense": "84268000",
      "interestAndDebtExpense": "None",
      "netIncomeFromContinuingOperations": "162281000",
      "comprehensiveIncomeNetOfTax": "None",
      "ebit": "235335000",
      "ebitda": "276043000",
      "netIncome": "161254000"
    },
    {
      "fiscalDateEnding": "2014-05-31",
      "reportedCurrency": "USD",
      "grossProfit": "302764000",
      "totalRevenue": "1440907000",
      "costOfRevenue": "1138143000",
      "costofGoodsAndServicesSold": "1138143000",
      "operatingIncome": "146052000",
      "sellingGeneralAndAdministrative": "113666000",
      "researchAndDevelopment": "0",
      "operatingExpenses": "156712000",
      "investmentIncomeNet": "None",
      "netInterestIncome": "None",
      "interestIncome": "None",
      "interestExpense": "3755000",
      "nonInterestIncome": "None",
      "otherNonOperatingIncome": "19545000",
      "depreciation": "None",
      "depreciationAndAmortization": "37203000",
      "incomeBeforeTax": "161842000",
      "incomeTaxExpense": "52035000",
      "interestAndDebtExpense": "None",
      "netIncomeFromContinuingOperations": "109807000",
      "comprehensiveIncomeNetOfTax": "None",
      "ebit": "146052000",
      "ebitda": "183255000",
      "netIncome": "109207000"
    },
    {
      "fiscalDateEnding": "2013-05-31",
      "reportedCurrency": "USD",
      "grossProfit": "214549000",
      "totalRevenue": "1288104000",
      "costOfRevenue": "1073555000",
      "costofGoodsAndServicesSold": "1073555000",
      "operatingIncome": "59593000",
      "sellingGeneralAndAdministrative": "88841000",
      "researchAndDevelopment": "0",
      "operatingExpenses": "126956000",
      "investmentIncomeNet": "None",
      "netInterestIncome": "None",
      "interestIncome": "None",
      "interestExpense": "4488000",
      "nonInterestIncome": "None",
      "otherNonOperatingIncome": "20463000",
      "depreciation": "None",
      "depreciationAndAmortization": "34173000",
      "incomeBeforeTax": "75568000",
      "incomeTaxExpense": "24807000",
      "interestAndDebtExpense": "None",
      "netIncomeFromContinuingOperations": "50761000",
      "comprehensiveIncomeNetOfTax": "None",
      "ebit": "59593000",
      "ebitda": "93766000",
      "netIncome": "50423000"
    },
    {
      "fiscalDateEnding": "2012-05-31",
      "reportedCurrency": "USD",
      "grossProfit": "201782000",
      "totalRevenue": "1113116000",
      "costOfRevenue": "911334000",
      "costofGoodsAndServicesSold": "911334000",
      "operatingIncome": "88652000",
      "sellingGeneralAndAdministrative": "77921000",
      "researchAndDevelopment": "0",
      "operatingExpenses": "113130000",
      "investmentIncomeNet": "None",
      "netInterestIncome": "None",
      "interestIncome": "None",
      "interestExpense": "5047000",
      "nonInterestIncome": "None",
      "otherNonOperatingIncome": "55472000",
      "depreciation": "None",
      "depreciationAndAmortization": "30752000",
      "incomeBeforeTax": "139077000",
      "incomeTaxExpense": "49110000",
      "interestAndDebtExpense": "None",
      "netIncomeFromContinuingOperations": "89967000",
      "comprehensiveIncomeNetOfTax": "None",
      "ebit": "88652000",
      "ebitda": "119404000",
      "netIncome": "89735000"
    },
    {
      "fiscalDateEnding": "2011-05-31",
      "reportedCurrency": "USD",
      "grossProfit": "184931000",
      "totalRevenue": "941981000",
      "costOfRevenue": "757050000",
      "costofGoodsAndServicesSold": "757050000",
      "operatingIncome": "83483000",
      "sellingGeneralAndAdministrative": "101400000",
      "researchAndDevelopment": "None",
      "operatingExpenses": "101448000",
      "investmentIncomeNet": "None",
      "netInterestIncome": "None",
      "interestIncome": "None",
      "interestExpense": "6856000",
      "nonInterestIncome": "None",
      "otherNonOperatingIncome": "None",
      "depreciation": "None",
      "depreciationAndAmortization": "30754000",
      "incomeBeforeTax": "91671000",
      "incomeTaxExpense": "33403000",
      "interestAndDebtExpense": "None",
      "netIncomeFromContinuingOperations": "None",
      "comprehensiveIncomeNetOfTax": "None",
      "ebit": "98527000",
      "ebitda": "129281000",
      "netIncome": "60839000"
    },
    {
      "fiscalDateEnding": "2010-05-31",
      "reportedCurrency": "USD",
      "grossProfit": "194644000",
      "totalRevenue": "910143000",
      "costOfRevenue": "715499000",
      "costofGoodsAndServicesSold": "715499000",
      "operatingIncome": "102604000",
      "sellingGeneralAndAdministrative": "92000000",
      "researchAndDevelopment": "None",
      "operatingExpenses": "92040000",
      "investmentIncomeNet": "None",
      "netInterestIncome": "None",
      "interestIncome": "None",
      "interestExpense": "7616000",
      "nonInterestIncome": "None",
      "otherNonOperatingIncome": "None",
      "depreciation": "None",
      "depreciationAndAmortization": "31785000",
      "incomeBeforeTax": "103493000",
      "incomeTaxExpense": "37961000",
      "interestAndDebtExpense": "None",
      "netIncomeFromContinuingOperations": "None",
      "comprehensiveIncomeNetOfTax": "None",
      "ebit": "111109000",
      "ebitda": "142894000",
      "netIncome": "67823000"
    },
    {
      "fiscalDateEnding": "2009-05-31",
      "reportedCurrency": "USD",
      "grossProfit": "204727000",
      "totalRevenue": "928812000",
      "costOfRevenue": "724085000",
      "costofGoodsAndServicesSold": "724085000",
      "operatingIncome": "121474000",
      "sellingGeneralAndAdministrative": "83300000",
      "researchAndDevelopment": "None",
      "operatingExpenses": "83253000",
      "investmentIncomeNet": "None",
      "netInterestIncome": "None",
      "interestIncome": "None",
      "interestExpense": "7096000",
      "nonInterestIncome": "None",
      "otherNonOperatingIncome": "None",
      "depreciation": "None",
      "depreciationAndAmortization": "28076000",
      "incomeBeforeTax": "121010000",
      "incomeTaxExpense": "41510000",
      "interestAndDebtExpense": "None",
      "netIncomeFromContinuingOperations": "None",
      "comprehensiveIncomeNetOfTax": "None",
      "ebit": "121474000",
      "ebitda": "149550000",
      "netIncome": "79500000"
    },
    {
      "fiscalDateEnding": "2008-05-31",
      "reportedCurrency": "USD",
      "grossProfit": "298556000",
      "totalRevenue": "915939000",
      "costOfRevenue": "617383000",
      "costofGoodsAndServicesSold": "617383000",
      "operatingIncome": "223637000",
      "sellingGeneralAndAdministrative": "74919000",
      "researchAndDevelopment": "None",
      "operatingExpenses": "74919000",
      "investmentIncomeNet": "None",
      "netInterestIncome": "None",
      "interestIncome": "None",
      "interestExpense": "3152000",
      "nonInterestIncome": "None",
      "otherNonOperatingIncome": "None",
      "depreciation": "None",
      "depreciationAndAmortization": "25320000",
      "incomeBeforeTax": "231391000",
      "incomeTaxExpense": "79530000",
      "interestAndDebtExpense": "None",
      "netIncomeFromContinuingOperations": "None",
      "comprehensiveIncomeNetOfTax": "None",
      "ebit": "223637000",
      "ebitda": "248957000",
      "netIncome": "151861000"
    },
    {
      "fiscalDateEnding": "2007-05-31",
      "reportedCurrency": "USD",
      "grossProfit": "118624000",
      "totalRevenue": "598128000",
      "costOfRevenue": "479504000",
      "costofGoodsAndServicesSold": "479504000",
      "operatingIncome": "58230000",
      "sellingGeneralAndAdministrative": "60400000",
      "researchAndDevelopment": "None",
      "operatingExpenses": "60394000",
      "investmentIncomeNet": "None",
      "netInterestIncome": "None",
      "interestIncome": "None",
      "interestExpense": "6987000",
      "nonInterestIncome": "None",
      "otherNonOperatingIncome": "None",
      "depreciation": "None",
      "depreciationAndAmortization": "21476000",
      "incomeBeforeTax": "56261000",
      "incomeTaxExpense": "19605000",
      "interestAndDebtExpense": "None",
      "netIncomeFromContinuingOperations": "None",
      "comprehensiveIncomeNetOfTax": "None",
      "ebit": "58230000",
      "ebitda": "79706000",
      "netIncome": "36656000"
    },
    {
      "fiscalDateEnding": "2006-05-31",
      "reportedCurrency": "USD",
      "grossProfit": "62217000",
      "totalRevenue": "477555000",
      "costOfRevenue": "415338000",
      "costofGoodsAndServicesSold": "415338000",
      "operatingIncome": "4515000",
      "sellingGeneralAndAdministrative": "57700000",
      "researchAndDevelopment": "None",
      "operatingExpenses": "57702000",
      "investmentIncomeNet": "None",
      "netInterestIncome": "None",
      "interestIncome": "None",
      "interestExpense": "7949000",
      "nonInterestIncome": "None",
      "otherNonOperatingIncome": "None",
      "depreciation": "None",
      "depreciationAndAmortization": "20569000",
      "incomeBeforeTax": "-1478000",
      "incomeTaxExpense": "-465000",
      "interestAndDebtExpense": "None",
      "netIncomeFromContinuingOperations": "None",
      "comprehensiveIncomeNetOfTax": "None",
      "ebit": "4515000",
      "ebitda": "25084000",
      "netIncome": "-1013000"
    }
  ],
  "quarterlyReports": [
    {
      "fiscalDateEnding": "2025-05-31",
      "reportedCurrency": "USD",
      "grossProfit": "531510000",
      "totalRevenue": "1103658000",
      "costOfRevenue": "572148000",
      "costofGoodsAndServicesSold": "572148000",
      "operatingIncome": "441593000",
      "sellingGeneralAndAdministrative": "94917000",
      "researchAndDevelopment": "None",
      "operatingExpenses": "89917000",
      "investmentIncomeNet": "None",
      "netInterestIncome": "15876000",
      "interestIncome": "16488000",
      "interestExpense": "155000",
      "nonInterestIncome": "None",
      "otherNonOperatingIncome": "None",
      "depreciation": "None",
      "depreciationAndAmortization": "24591000",
      "incomeBeforeTax": "453199000",
      "incomeTaxExpense": "111069000",
      "interestAndDebtExpense": "None",
      "netIncomeFromContinuingOperations": "342130000",
      "comprehensiveIncomeNetOfTax": "None",
      "ebit": "453354000",
      "ebitda": "477945000",
      "netIncome": "342475000"
    },
    {
      "fiscalDateEnding": "2025-02-28",
      "reportedCurrency": "USD",
      "grossProfit": "716115000",
      "totalRevenue": "1417685000",
      "costOfRevenue": "701570000",
      "costofGoodsAndServicesSold": "701570000",
      "operatingIncome": "635670000",
      "sellingGeneralAndAdministrative": "45251000",
      "researchAndDevelopment": "None",
      "operatingExpenses": "80445000",
      "investmentIncomeNet": "None",
      "netInterestIncome": "12628000",
      "interestIncome": "12628000",
      "interestExpense": "None",
      "nonInterestIncome": "None",
      "otherNonOperatingIncome": "None",
      "depreciation": "None",
      "depreciationAndAmortization": "23612000",
      "incomeBeforeTax": "663029000",
      "incomeTaxExpense": "154876000",
      "interestAndDebtExpense": "None",
      "netIncomeFromContinuingOperations": "508153000",
      "comprehensiveIncomeNetOfTax": "None",
      "ebit": "636148000",
      "ebitda": "659760000",
      "netIncome": "508533000"
    },
    {
      "fiscalDateEnding": "2024-11-30",
      "reportedCurrency": "USD",
      "grossProfit": "356042000",
      "totalRevenue": "954671000",
      "costOfRevenue": "598629000",
      "costofGoodsAndServicesSold": "598629000",
      "operatingIncome": "278061000",
      "sellingGeneralAndAdministrative": "38893000",
      "researchAndDevelopment": "None",
      "operatingExpenses": "77981000",
      "investmentIncomeNet": "None",
      "netInterestIncome": "9770000",
      "interestIncome": "9770000",
      "interestExpense": "None",
      "nonInterestIncome": "None",
      "otherNonOperatingIncome": "None",
      "depreciation": "None",
      "depreciationAndAmortization": "23770000",
      "incomeBeforeTax": "288961000",
      "incomeTaxExpense": "70602000",
      "interestAndDebtExpense": "None",
      "netIncomeFromContinuingOperations": "218359000",
      "comprehensiveIncomeNetOfTax": "None",
      "ebit": "278399000",
      "ebitda": "302169000",
      "netIncome": "219064000"
    },
    {
      "fiscalDateEnding": "2024-08-31",
      "reportedCurrency": "USD",
      "grossProfit": "247218000",
      "totalRevenue": "785871000",
      "costOfRevenue": "538653000",
      "costofGoodsAndServicesSold": "538653000",
      "operatingIncome": "186957000",
      "sellingGeneralAndAdministrative": "26516000",
      "researchAndDevelopment": "None",
      "operatingExpenses": "60261000",
      "investmentIncomeNet": "None",
      "netInterestIncome": "9785000",
      "interestIncome": "9785000",
      "interestExpense": "None",
      "nonInterestIncome": "None",
      "otherNonOperatingIncome": "None",
      "depreciation": "None",
      "depreciationAndAmortization": "22048000",
      "incomeBeforeTax": "197953000",
      "incomeTaxExpense": "48363000",
      "interestAndDebtExpense": "None",
      "netIncomeFromContinuingOperations": "149590000",
      "comprehensiveIncomeNetOfTax": "None",
      "ebit": "185140000",
      "ebitda": "207188000",
      "netIncome": "149976000"
    },
    {
      "fiscalDateEnding": "2024-05-31",
      "reportedCurrency": "USD",
      "grossProfit": "186436000",
      "totalRevenue": "640789000",
      "costOfRevenue": "454353000",
      "costofGoodsAndServicesSold": "454353000",
      "operatingIncome": "142188000",
      "sellingGeneralAndAdministrative": "13017000",
      "researchAndDevelopment": "None",
      "operatingExpenses": "44248000",
      "investmentIncomeNet": "None",
      "netInterestIncome": "9839000",
      "interestIncome": "10388000",
      "interestExpense": "26000",
      "nonInterestIncome": "None",
      "otherNonOperatingIncome": "None",
      "depreciation": "None",
      "depreciationAndAmortization": "21090000",
      "incomeBeforeTax": "151961000",
      "incomeTaxExpense": "39031000",
      "interestAndDebtExpense": "None",
      "netIncomeFromContinuingOperations": "112930000",
      "comprehensiveIncomeNetOfTax": "None",
      "ebit": "180581000",
      "ebitda": "201671000",
      "netIncome": "113241000"
    },
    {
      "fiscalDateEnding": "2024-02-29",
      "reportedCurrency": "USD",
      "grossProfit": "218572000",
      "totalRevenue": "703076000",
      "costOfRevenue": "484504000",
      "costofGoodsAndServicesSold": "484504000",
      "operatingIncome": "162787000",
      "sellingGeneralAndAdministrative": "47188000",
      "researchAndDevelopment": "None",
      "operatingExpenses": "55785000",
      "investmentIncomeNet": "None",
      "netInterestIncome": "7554000",
      "interestIncome": "7554000",
      "interestExpense": "None",
      "nonInterestIncome": "None",
      "otherNonOperatingIncome": "None",
      "depreciation": "None",
      "depreciationAndAmortization": "19757000",
      "incomeBeforeTax": "185159000",
      "incomeTaxExpense": "38796000",
      "interestAndDebtExpense": "None",
      "netIncomeFromContinuingOperations": "146363000",
      "comprehensiveIncomeNetOfTax": "None",
      "ebit": "152552000",
      "ebitda": "172309000",
      "netIncome": "146712000"
    },
    {
      "fiscalDateEnding": "2023-11-30",
      "reportedCurrency": "USD",
      "grossProfit": "91130000",
      "totalRevenue": "523234000",
      "costOfRevenue": "432104000",
      "costofGoodsAndServicesSold": "432104000",
      "operatingIncome": "14234000",
      "sellingGeneralAndAdministrative": "27027000",
      "researchAndDevelopment": "None",
      "operatingExpenses": "76896000",
      "investmentIncomeNet": "None",
      "netInterestIncome": "6987000",
      "interestIncome": "6987000",
      "interestExpense": "134000",
      "nonInterestIncome": "None",
      "otherNonOperatingIncome": "None",
      "depreciation": "None",
      "depreciationAndAmortization": "20054000",
      "incomeBeforeTax": "22118000",
      "incomeTaxExpense": "5540000",
      "interestAndDebtExpense": "None",
      "netIncomeFromContinuingOperations": "16578000",
      "comprehensiveIncomeNetOfTax": "None",
      "ebit": "34200000",
      "ebitda": "54254000",
      "netIncome": "17009000"
    },
    {
      "fiscalDateEnding": "2023-08-31",
      "reportedCurrency": "USD",
      "grossProfit": "45433000",
      "totalRevenue": "459344000",
      "costOfRevenue": "413911000",
      "costofGoodsAndServicesSold": "413911000",
      "operatingIncome": "6757000",
      "sellingGeneralAndAdministrative": "34555000",
      "researchAndDevelopment": "None",
      "operatingExpenses": "38676000",
      "investmentIncomeNet": "None",
      "netInterestIncome": "7346000",
      "interestIncome": "7346000",
      "interestExpense": "142000",
      "nonInterestIncome": "None",
      "otherNonOperatingIncome": "None",
      "depreciation": "None",
      "depreciationAndAmortization": "19340000",
      "incomeBeforeTax": "733000",
      "incomeTaxExpense": "322000",
      "interestAndDebtExpense": "None",
      "netIncomeFromContinuingOperations": "411000",
      "comprehensiveIncomeNetOfTax": "None",
      "ebit": "-6813000",
      "ebitda": "12527000",
      "netIncome": "926000"
    },
    {
      "fiscalDateEnding": "2023-05-31",
      "reportedCurrency": "USD",
      "grossProfit": "198092000",
      "totalRevenue": "688680000",
      "costOfRevenue": "490588000",
      "costofGoodsAndServicesSold": "490588000",
      "operatingIncome": "136225000",
      "sellingGeneralAndAdministrative": "42155000",
      "researchAndDevelopment": "None",
      "operatingExpenses": "61867000",
      "investmentIncomeNet": "None",
      "netInterestIncome": "9011000",
      "interestIncome": "9594000",
      "interestExpense": "150000",
      "nonInterestIncome": "None",
      "otherNonOperatingIncome": "19232000",
      "depreciation": "None",
      "depreciationAndAmortization": "19036000",
      "incomeBeforeTax": "145915000",
      "incomeTaxExpense": "35380000",
      "interestAndDebtExpense": "None",
      "netIncomeFromContinuingOperations": "110535000",
      "comprehensiveIncomeNetOfTax": "None",
      "ebit": "170816000",
      "ebitda": "189852000",
      "netIncome": "110931000"
    },
    {
      "fiscalDateEnding": "2023-02-28",
      "reportedCurrency": "USD",
      "grossProfit": "463026000",
      "totalRevenue": "997493000",
      "costOfRevenue": "534467000",
      "costofGoodsAndServicesSold": "534467000",
      "operatingIncome": "407783000",
      "sellingGeneralAndAdministrative": "39036000",
      "researchAndDevelopment": "None",
      "operatingExpenses": "55243000",
      "investmentIncomeNet": "None",
      "netInterestIncome": "6126000",
      "interestIncome": "6126000",
      "interestExpense": "34285000",
      "nonInterestIncome": "None",
      "otherNonOperatingIncome": "10978000",
      "depreciation": "None",
      "depreciationAndAmortization": "18469000",
      "incomeBeforeTax": "424887000",
      "incomeTaxExpense": "102118000",
      "interestAndDebtExpense": "None",
      "netIncomeFromContinuingOperations": "322769000",
      "comprehensiveIncomeNetOfTax": "None",
      "ebit": "404537000",
      "ebitda": "423006000",
      "netIncome": "323219000"
    },
    {
      "fiscalDateEnding": "2022-11-30",
      "reportedCurrency": "USD",
      "grossProfit": "317849000",
      "totalRevenue": "801700000",
      "costOfRevenue": "483851000",
      "costofGoodsAndServicesSold": "483851000",
      "operatingIncome": "259868000",
      "sellingGeneralAndAdministrative": "39777000",
      "researchAndDevelopment": "None",
      "operatingExpenses": "57981000",
      "investmentIncomeNet": "None",
      "netInterestIncome": "1930000",
      "interestIncome": "1930000",
      "interestExpense": "1930000",
      "nonInterestIncome": "None",
      "otherNonOperatingIncome": "470000",
      "depreciation": "None",
      "depreciationAndAmortization": "17417000",
      "incomeBeforeTax": "262268000",
      "incomeTaxExpense": "63974000",
      "interestAndDebtExpense": "None",
      "netIncomeFromContinuingOperations": "198294000",
      "comprehensiveIncomeNetOfTax": "None",
      "ebit": "259897000",
      "ebitda": "277314000",
      "netIncome": "198587000"
    },
    {
      "fiscalDateEnding": "2022-08-31",
      "reportedCurrency": "USD",
      "grossProfit": "217490000",
      "totalRevenue": "658344000",
      "costOfRevenue": "440854000",
      "costofGoodsAndServicesSold": "440854000",
      "operatingIncome": "163850000",
      "sellingGeneralAndAdministrative": "33691000",
      "researchAndDevelopment": "None",
      "operatingExpenses": "53640000",
      "investmentIncomeNet": "None",
      "netInterestIncome": "903000",
      "interestIncome": "903000",
      "interestExpense": "903000",
      "nonInterestIncome": "None",
      "otherNonOperatingIncome": "727000",
      "depreciation": "None",
      "depreciationAndAmortization": "17312000",
      "incomeBeforeTax": "165480000",
      "incomeTaxExpense": "40346000",
      "interestAndDebtExpense": "None",
      "netIncomeFromContinuingOperations": "125134000",
      "comprehensiveIncomeNetOfTax": "None",
      "ebit": "163883000",
      "ebitda": "181195000",
      "netIncome": "125287000"
    },
    {
      "fiscalDateEnding": "2022-05-31",
      "reportedCurrency": "USD",
      "grossProfit": "195085000",
      "totalRevenue": "592964000",
      "costOfRevenue": "397879000",
      "costofGoodsAndServicesSold": "397879000",
      "operatingIncome": "145699000",
      "sellingGeneralAndAdministrative": "33734000",
      "researchAndDevelopment": "None",
      "operatingExpenses": "49386000",
      "investmentIncomeNet": "None",
      "netInterestIncome": "145000",
      "interestIncome": "548000",
      "interestExpense": "141000",
      "nonInterestIncome": "None",
      "otherNonOperatingIncome": "None",
      "depreciation": "None",
      "depreciationAndAmortization": "17399000",
      "incomeBeforeTax": "146363000",
      "incomeTaxExpense": "36495000",
      "interestAndDebtExpense": "None",
      "netIncomeFromContinuingOperations": "109868000",
      "comprehensiveIncomeNetOfTax": "None",
      "ebit": "171435000",
      "ebitda": "188834000",
      "netIncome": "109986000"
    },
    {
      "fiscalDateEnding": "2022-02-28",
      "reportedCurrency": "USD",
      "grossProfit": "91582000",
      "totalRevenue": "477485000",
      "costOfRevenue": "385903000",
      "costofGoodsAndServicesSold": "385903000",
      "operatingIncome": "39570000",
      "sellingGeneralAndAdministrative": "36246000",
      "researchAndDevelopment": "None",
      "operatingExpenses": "52012000",
      "investmentIncomeNet": "None",
      "netInterestIncome": "79000",
      "interestIncome": "79000",
      "interestExpense": "79000",
      "nonInterestIncome": "None",
      "otherNonOperatingIncome": "13399000",
      "depreciation": "None",
      "depreciationAndAmortization": "17027000",
      "incomeBeforeTax": "53048000",
      "incomeTaxExpense": "13594000",
      "interestAndDebtExpense": "None",
      "netIncomeFromContinuingOperations": "39454000",
      "comprehensiveIncomeNetOfTax": "None",
      "ebit": "38896000",
      "ebitda": "55923000",
      "netIncome": "39517000"
    },
    {
      "fiscalDateEnding": "2021-11-30",
      "reportedCurrency": "USD",
      "grossProfit": "43747000",
      "totalRevenue": "381723000",
      "costOfRevenue": "337976000",
      "costofGoodsAndServicesSold": "337976000",
      "operatingIncome": "-2065000",
      "sellingGeneralAndAdministrative": "33385000",
      "researchAndDevelopment": "None",
      "operatingExpenses": "45812000",
      "investmentIncomeNet": "None",
      "netInterestIncome": "129000",
      "interestIncome": "129000",
      "interestExpense": "129000",
      "nonInterestIncome": "None",
      "otherNonOperatingIncome": "2404000",
      "depreciation": "None",
      "depreciationAndAmortization": "16580000",
      "incomeBeforeTax": "468000",
      "incomeTaxExpense": "-677000",
      "interestAndDebtExpense": "None",
      "netIncomeFromContinuingOperations": "1145000",
      "comprehensiveIncomeNetOfTax": "None",
      "ebit": "-4033000",
      "ebitda": "12547000",
      "netIncome": "1173000"
    },
    {
      "fiscalDateEnding": "2021-08-31",
      "reportedCurrency": "USD",
      "grossProfit": "6645000",
      "totalRevenue": "324986000",
      "costOfRevenue": "318341000",
      "costofGoodsAndServicesSold": "318341000",
      "operatingIncome": "-39667000",
      "sellingGeneralAndAdministrative": "32589000",
      "researchAndDevelopment": "None",
      "operatingExpenses": "46312000",
      "investmentIncomeNet": "None",
      "netInterestIncome": "232000",
      "interestIncome": "232000",
      "interestExpense": "232000",
      "nonInterestIncome": "None",
      "otherNonOperatingIncome": "None",
      "depreciation": "None",
      "depreciationAndAmortization": "17389000",
      "incomeBeforeTax": "-33864000",
      "incomeTaxExpense": "-15838000",
      "interestAndDebtExpense": "None",
      "netIncomeFromContinuingOperations": "-18026000",
      "comprehensiveIncomeNetOfTax": "None",
      "ebit": "-39880000",
      "ebitda": "-22491000",
      "netIncome": "-18026000"
    },
    {
      "fiscalDateEnding": "2021-05-31",
      "reportedCurrency": "USD",
      "grossProfit": "37929000",
      "totalRevenue": "349798000",
      "costOfRevenue": "311869000",
      "costofGoodsAndServicesSold": "311869000",
      "operatingIncome": "-13026000",
      "sellingGeneralAndAdministrative": "34684000",
      "researchAndDevelopment": "None",
      "operatingExpenses": "50955000",
      "investmentIncomeNet": "None",
      "netInterestIncome": "434000",
      "interestIncome": "647000",
      "interestExpense": "8000",
      "nonInterestIncome": "None",
      "otherNonOperatingIncome": "3247000",
      "depreciation": "None",
      "depreciationAndAmortization": "15086000",
      "incomeBeforeTax": "-12173000",
      "incomeTaxExpense": "-7929000",
      "interestAndDebtExpense": "None",
      "netIncomeFromContinuingOperations": "-4244000",
      "comprehensiveIncomeNetOfTax": "None",
      "ebit": "3026000",
      "ebitda": "18112000",
      "netIncome": "-4244000"
    },
    {
      "fiscalDateEnding": "2021-02-28",
      "reportedCurrency": "USD",
      "grossProfit": "47517000",
      "totalRevenue": "359080000",
      "costOfRevenue": "311563000",
      "costofGoodsAndServicesSold": "311563000",
      "operatingIncome": "-493000",
      "sellingGeneralAndAdministrative": "34297000",
      "researchAndDevelopment": "None",
      "operatingExpenses": "48010000",
      "investmentIncomeNet": "None",
      "netInterestIncome": "591000",
      "interestIncome": "591000",
      "interestExpense": "591000",
      "nonInterestIncome": "None",
      "otherNonOperatingIncome": "11734000",
      "depreciation": "None",
      "depreciationAndAmortization": "15086000",
      "incomeBeforeTax": "11832000",
      "incomeTaxExpense": "-1716000",
      "interestAndDebtExpense": "None",
      "netIncomeFromContinuingOperations": "13548000",
      "comprehensiveIncomeNetOfTax": "None",
      "ebit": "-139000",
      "ebitda": "14947000",
      "netIncome": "13548000"
    },
    {
      "fiscalDateEnding": "2020-11-30",
      "reportedCurrency": "USD",
      "grossProfit": "58451000",
      "totalRevenue": "347328000",
      "costOfRevenue": "288877000",
      "costofGoodsAndServicesSold": "288877000",
      "operatingIncome": "14479000",
      "sellingGeneralAndAdministrative": "30821000",
      "researchAndDevelopment": "None",
      "operatingExpenses": "43972000",
      "investmentIncomeNet": "None",
      "netInterestIncome": "664000",
      "interestIncome": "664000",
      "interestExpense": "664000",
      "nonInterestIncome": "None",
      "otherNonOperatingIncome": "774000",
      "depreciation": "None",
      "depreciationAndAmortization": "14561000",
      "incomeBeforeTax": "15917000",
      "incomeTaxExpense": "3762000",
      "interestAndDebtExpense": "None",
      "netIncomeFromContinuingOperations": "12155000",
      "comprehensiveIncomeNetOfTax": "None",
      "ebit": "14578000",
      "ebitda": "29139000",
      "netIncome": "12155000"
    },
    {
      "fiscalDateEnding": "2020-08-31",
      "reportedCurrency": "USD",
      "grossProfit": "16765000",
      "totalRevenue": "292782000",
      "costOfRevenue": "276017000",
      "costofGoodsAndServicesSold": "276017000",
      "operatingIncome": "-27223000",
      "sellingGeneralAndAdministrative": "31471000",
      "researchAndDevelopment": "None",
      "operatingExpenses": "43988000",
      "investmentIncomeNet": "None",
      "netInterestIncome": "925000",
      "interestIncome": "925000",
      "interestExpense": "925000",
      "nonInterestIncome": "None",
      "otherNonOperatingIncome": "773000",
      "depreciation": "None",
      "depreciationAndAmortization": "14744000",
      "incomeBeforeTax": "-25525000",
      "incomeTaxExpense": "-6126000",
      "interestAndDebtExpense": "None",
      "netIncomeFromContinuingOperations": "-19399000",
      "comprehensiveIncomeNetOfTax": "None",
      "ebit": "-27200000",
      "ebitda": "-12456000",
      "netIncome": "-19399000"
    },
    {
      "fiscalDateEnding": "2020-05-31",
      "reportedCurrency": "USD",
      "grossProfit": "121510000",
      "totalRevenue": "453333000",
      "costOfRevenue": "331823000",
      "costofGoodsAndServicesSold": "331823000",
      "operatingIncome": "76092000",
      "sellingGeneralAndAdministrative": "32914000",
      "researchAndDevelopment": "None",
      "operatingExpenses": "45418000",
      "investmentIncomeNet": "None",
      "netInterestIncome": "836000",
      "interestIncome": "None",
      "interestExpense": "240000",
      "nonInterestIncome": "None",
      "otherNonOperatingIncome": "5585000",
      "depreciation": "None",
      "depreciationAndAmortization": "15192000",
      "incomeBeforeTax": "77551000",
      "incomeTaxExpense": "17087000",
      "interestAndDebtExpense": "None",
      "netIncomeFromContinuingOperations": "60464000",
      "comprehensiveIncomeNetOfTax": "None",
      "ebit": "94913000",
      "ebitda": "110105000",
      "netIncome": "60463000"
    },
    {
      "fiscalDateEnding": "2020-02-29",
      "reportedCurrency": "USD",
      "grossProfit": "49828000",
      "totalRevenue": "345588000",
      "costOfRevenue": "295760000",
      "costofGoodsAndServicesSold": "295760000",
      "operatingIncome": "5212000",
      "sellingGeneralAndAdministrative": "30922000",
      "researchAndDevelopment": "None",
      "operatingExpenses": "44616000",
      "investmentIncomeNet": "None",
      "netInterestIncome": "803000",
      "interestIncome": "12344000",
      "interestExpense": "803000",
      "nonInterestIncome": "None",
      "otherNonOperatingIncome": "12034000",
      "depreciation": "None",
      "depreciationAndAmortization": "15340000",
      "incomeBeforeTax": "18049000",
      "incomeTaxExpense": "4278000",
      "interestAndDebtExpense": "None",
      "netIncomeFromContinuingOperations": "13771000",
      "comprehensiveIncomeNetOfTax": "None",
      "ebit": "5597000",
      "ebitda": "20937000",
      "netIncome": "13749000"
    },
    {
      "fiscalDateEnding": "2019-11-30",
      "reportedCurrency": "USD",
      "grossProfit": "29375000",
      "totalRevenue": "311522000",
      "costOfRevenue": "282147000",
      "costofGoodsAndServicesSold": "282147000",
      "operatingIncome": "-16565000",
      "sellingGeneralAndAdministrative": "32204000",
      "researchAndDevelopment": "None",
      "operatingExpenses": "45940000",
      "investmentIncomeNet": "None",
      "netInterestIncome": "1140000",
      "interestIncome": "28000",
      "interestExpense": "1140000",
      "nonInterestIncome": "None",
      "otherNonOperatingIncome": "376000",
      "depreciation": "None",
      "depreciationAndAmortization": "13951000",
      "incomeBeforeTax": "-15049000",
      "incomeTaxExpense": "-4863000",
      "interestAndDebtExpense": "None",
      "netIncomeFromContinuingOperations": "-10186000",
      "comprehensiveIncomeNetOfTax": "None",
      "ebit": "-16353000",
      "ebitda": "-2402000",
      "netIncome": "-10061000"
    },
    {
      "fiscalDateEnding": "2019-08-31",
      "reportedCurrency": "USD",
      "grossProfit": "-21125000",
      "totalRevenue": "241166000",
      "costOfRevenue": "262291000",
      "costofGoodsAndServicesSold": "262291000",
      "operatingIncome": "-63470000",
      "sellingGeneralAndAdministrative": "29967000",
      "researchAndDevelopment": "None",
      "operatingExpenses": "42345000",
      "investmentIncomeNet": "None",
      "netInterestIncome": "1685000",
      "interestIncome": "1231000",
      "interestExpense": "1685000",
      "nonInterestIncome": "None",
      "otherNonOperatingIncome": "1293000",
      "depreciation": "None",
      "depreciationAndAmortization": "13620000",
      "incomeBeforeTax": "-60492000",
      "incomeTaxExpense": "-14771000",
      "interestAndDebtExpense": "None",
      "netIncomeFromContinuingOperations": "-45721000",
      "comprehensiveIncomeNetOfTax": "None",
      "ebit": "-63600000",
      "ebitda": "-49980000",
      "netIncome": "-45760000"
    },
    {
      "fiscalDateEnding": "2019-05-31",
      "reportedCurrency": "USD",
      "grossProfit": "12754000",
      "totalRevenue": "280572000",
      "costOfRevenue": "267818000",
      "costofGoodsAndServicesSold": "267818000",
      "operatingIncome": "-30421000",
      "sellingGeneralAndAdministrative": "28845000",
      "researchAndDevelopment": "None",
      "operatingExpenses": "43175000",
      "investmentIncomeNet": "None",
      "netInterestIncome": "1875000",
      "interestIncome": "None",
      "interestExpense": "286000",
      "nonInterestIncome": "None",
      "otherNonOperatingIncome": "8580000",
      "depreciation": "None",
      "depreciationAndAmortization": "13793000",
      "incomeBeforeTax": "-27943000",
      "incomeTaxExpense": "-8391000",
      "interestAndDebtExpense": "None",
      "netIncomeFromContinuingOperations": "-19552000",
      "comprehensiveIncomeNetOfTax": "None",
      "ebit": "-6156000",
      "ebitda": "7637000",
      "netIncome": "-19760000"
    },
    {
      "fiscalDateEnding": "2019-02-28",
      "reportedCurrency": "USD",
      "grossProfit": "82441000",
      "totalRevenue": "383992000",
      "costOfRevenue": "301551000",
      "costofGoodsAndServicesSold": "301551000",
      "operatingIncome": "38190000",
      "sellingGeneralAndAdministrative": "31567000",
      "researchAndDevelopment": "None",
      "operatingExpenses": "44251000",
      "investmentIncomeNet": "None",
      "netInterestIncome": "1986000",
      "interestIncome": "None",
      "interestExpense": "1986000",
      "nonInterestIncome": "None",
      "otherNonOperatingIncome": "13305000",
      "depreciation": "None",
      "depreciationAndAmortization": "13628000",
      "incomeBeforeTax": "53481000",
      "incomeTaxExpense": "13616000",
      "interestAndDebtExpense": "None",
      "netIncomeFromContinuingOperations": "39865000",
      "comprehensiveIncomeNetOfTax": "None",
      "ebit": "37432000",
      "ebitda": "51060000",
      "netIncome": "39777000"
    },
    {
      "fiscalDateEnding": "2018-11-30",
      "reportedCurrency": "USD",
      "grossProfit": "70535000",
      "totalRevenue": "356040000",
      "costOfRevenue": "285505000",
      "costofGoodsAndServicesSold": "285505000",
      "operatingIncome": "25334000",
      "sellingGeneralAndAdministrative": "31771000",
      "researchAndDevelopment": "None",
      "operatingExpenses": "45201000",
      "investmentIncomeNet": "None",
      "netInterestIncome": "None",
      "interestIncome": "None",
      "interestExpense": "1688000",
      "nonInterestIncome": "None",
      "otherNonOperatingIncome": "1752000",
      "depreciation": "None",
      "depreciationAndAmortization": "13682000",
      "incomeBeforeTax": "28774000",
      "incomeTaxExpense": "6768000",
      "interestAndDebtExpense": "None",
      "netIncomeFromContinuingOperations": "22006000",
      "comprehensiveIncomeNetOfTax": "None",
      "ebit": "25304000",
      "ebitda": "38986000",
      "netIncome": "21807000"
    },
    {
      "fiscalDateEnding": "2018-08-31",
      "reportedCurrency": "USD",
      "grossProfit": "57128000",
      "totalRevenue": "340583000",
      "costOfRevenue": "283455000",
      "costofGoodsAndServicesSold": "283455000",
      "operatingIncome": "12677000",
      "sellingGeneralAndAdministrative": "31267000",
      "researchAndDevelopment": "0",
      "operatingExpenses": "44451000",
      "investmentIncomeNet": "None",
      "netInterestIncome": "None",
      "interestIncome": "None",
      "interestExpense": "1785000",
      "nonInterestIncome": "None",
      "otherNonOperatingIncome": "2031000",
      "depreciation": "None",
      "depreciationAndAmortization": "13547000",
      "incomeBeforeTax": "16493000",
      "incomeTaxExpense": "3750000",
      "interestAndDebtExpense": "None",
      "netIncomeFromContinuingOperations": "12743000",
      "comprehensiveIncomeNetOfTax": "None",
      "ebit": "12618000",
      "ebitda": "26165000",
      "netIncome": "12405000"
    },
    {
      "fiscalDateEnding": "2018-05-31",
      "reportedCurrency": "USD",
      "grossProfit": "141216000",
      "totalRevenue": "443095000",
      "costOfRevenue": "301879000",
      "costofGoodsAndServicesSold": "301879000",
      "operatingIncome": "91315000",
      "sellingGeneralAndAdministrative": "35607000",
      "researchAndDevelopment": "0",
      "operatingExpenses": "49901000",
      "investmentIncomeNet": "None",
      "netInterestIncome": "None",
      "interestIncome": "None",
      "interestExpense": "92000",
      "nonInterestIncome": "None",
      "otherNonOperatingIncome": "4867000",
      "depreciation": "None",
      "depreciationAndAmortization": "13695000",
      "incomeBeforeTax": "93890000",
      "incomeTaxExpense": "21794000",
      "interestAndDebtExpense": "None",
      "netIncomeFromContinuingOperations": "72096000",
      "comprehensiveIncomeNetOfTax": "None",
      "ebit": "25817000",
      "ebitda": "39512000",
      "netIncome": "71767000"
    },
    {
      "fiscalDateEnding": "2018-02-28",
      "reportedCurrency": "USD",
      "grossProfit": "120098000",
      "totalRevenue": "435820000",
      "costOfRevenue": "315722000",
      "costofGoodsAndServicesSold": "315722000",
      "operatingIncome": "76202000",
      "sellingGeneralAndAdministrative": "30732000",
      "researchAndDevelopment": "0",
      "operatingExpenses": "43896000",
      "investmentIncomeNet": "None",
      "netInterestIncome": "None",
      "interestIncome": "None",
      "interestExpense": "992000",
      "nonInterestIncome": "None",
      "otherNonOperatingIncome": "10863000",
      "depreciation": "None",
      "depreciationAndAmortization": "13719000",
      "incomeBeforeTax": "88057000",
      "incomeTaxExpense": "-8301000",
      "interestAndDebtExpense": "None",
      "netIncomeFromContinuingOperations": "96358000",
      "comprehensiveIncomeNetOfTax": "None",
      "ebit": "75923000",
      "ebitda": "89642000",
      "netIncome": "96294000"
    },
    {
      "fiscalDateEnding": "2017-11-30",
      "reportedCurrency": "USD",
      "grossProfit": "82396000",
      "totalRevenue": "361172000",
      "costOfRevenue": "278776000",
      "costofGoodsAndServicesSold": "278776000",
      "operatingIncome": "-40464000",
      "sellingGeneralAndAdministrative": "29047000",
      "researchAndDevelopment": "0",
      "operatingExpenses": "122860000",
      "investmentIncomeNet": "None",
      "netInterestIncome": "None",
      "interestIncome": "None",
      "interestExpense": "578000",
      "nonInterestIncome": "None",
      "otherNonOperatingIncome": "-207000",
      "depreciation": "None",
      "depreciationAndAmortization": "13475000",
      "incomeBeforeTax": "-40093000",
      "incomeTaxExpense": "-14012000",
      "interestAndDebtExpense": "None",
      "netIncomeFromContinuingOperations": "-26081000",
      "comprehensiveIncomeNetOfTax": "None",
      "ebit": "40236000",
      "ebitda": "53711000",
      "netIncome": "-26136000"
    },
    {
      "fiscalDateEnding": "2017-08-31",
      "reportedCurrency": "USD",
      "grossProfit": "17336000",
      "totalRevenue": "262845000",
      "costOfRevenue": "245509000",
      "costofGoodsAndServicesSold": "245509000",
      "operatingIncome": "-24378000",
      "sellingGeneralAndAdministrative": "28586000",
      "researchAndDevelopment": "0",
      "operatingExpenses": "41714000",
      "investmentIncomeNet": "None",
      "netInterestIncome": "None",
      "interestIncome": "None",
      "interestExpense": "474000",
      "nonInterestIncome": "None",
      "otherNonOperatingIncome": "-613000",
      "depreciation": "None",
      "depreciationAndAmortization": "13137000",
      "incomeBeforeTax": "-24517000",
      "incomeTaxExpense": "-8340000",
      "interestAndDebtExpense": "None",
      "netIncomeFromContinuingOperations": "-16177000",
      "comprehensiveIncomeNetOfTax": "None",
      "ebit": "-24374000",
      "ebitda": "-11237000",
      "netIncome": "-15993000"
    },
    {
      "fiscalDateEnding": "2017-05-31",
      "reportedCurrency": "USD",
      "grossProfit": "12006000",
      "totalRevenue": "274584000",
      "costOfRevenue": "262578000",
      "costofGoodsAndServicesSold": "262578000",
      "operatingIncome": "-39653000",
      "sellingGeneralAndAdministrative": "34283000",
      "researchAndDevelopment": "0",
      "operatingExpenses": "51659000",
      "investmentIncomeNet": "None",
      "netInterestIncome": "None",
      "interestIncome": "None",
      "interestExpense": "177000",
      "nonInterestIncome": "None",
      "otherNonOperatingIncome": "9103000",
      "depreciation": "None",
      "depreciationAndAmortization": "13389000",
      "incomeBeforeTax": "-33151000",
      "incomeTaxExpense": "-8540000",
      "interestAndDebtExpense": "None",
      "netIncomeFromContinuingOperations": "-24611000",
      "comprehensiveIncomeNetOfTax": "None",
      "ebit": "-21535000",
      "ebitda": "-8146000",
      "netIncome": "-24471000"
    },
    {
      "fiscalDateEnding": "2017-02-28",
      "reportedCurrency": "USD",
      "grossProfit": "39165000",
      "totalRevenue": "306540000",
      "costOfRevenue": "267375000",
      "costofGoodsAndServicesSold": "267375000",
      "operatingIncome": "-5195000",
      "sellingGeneralAndAdministrative": "29863000",
      "researchAndDevelopment": "0",
      "operatingExpenses": "44360000",
      "investmentIncomeNet": "None",
      "netInterestIncome": "None",
      "interestIncome": "None",
      "interestExpense": "411000",
      "nonInterestIncome": "None",
      "otherNonOperatingIncome": "8327000",
      "depreciation": "None",
      "depreciationAndAmortization": "12749000",
      "incomeBeforeTax": "4165000",
      "incomeTaxExpense": "34000",
      "interestAndDebtExpense": "None",
      "netIncomeFromContinuingOperations": "4131000",
      "comprehensiveIncomeNetOfTax": "None",
      "ebit": "-4573000",
      "ebitda": "8176000",
      "netIncome": "4139000"
    },
    {
      "fiscalDateEnding": "2016-11-30",
      "reportedCurrency": "USD",
      "grossProfit": "3948000",
      "totalRevenue": "253544000",
      "costOfRevenue": "249596000",
      "costofGoodsAndServicesSold": "249596000",
      "operatingIncome": "-38258000",
      "sellingGeneralAndAdministrative": "28855000",
      "researchAndDevelopment": "0",
      "operatingExpenses": "42206000",
      "investmentIncomeNet": "None",
      "netInterestIncome": "None",
      "interestIncome": "None",
      "interestExpense": "781000",
      "nonInterestIncome": "None",
      "otherNonOperatingIncome": "494000",
      "depreciation": "None",
      "depreciationAndAmortization": "11816000",
      "incomeBeforeTax": "-36768000",
      "incomeTaxExpense": "-13801000",
      "interestAndDebtExpense": "None",
      "netIncomeFromContinuingOperations": "-22967000",
      "comprehensiveIncomeNetOfTax": "None",
      "ebit": "-38043000",
      "ebitda": "-26227000",
      "netIncome": "-23010000"
    },
    {
      "fiscalDateEnding": "2016-08-31",
      "reportedCurrency": "USD",
      "grossProfit": "-9569000",
      "totalRevenue": "239845000",
      "costOfRevenue": "249414000",
      "costofGoodsAndServicesSold": "249414000",
      "operatingIncome": "-50350000",
      "sellingGeneralAndAdministrative": "27696000",
      "researchAndDevelopment": "0",
      "operatingExpenses": "40781000",
      "investmentIncomeNet": "None",
      "netInterestIncome": "None",
      "interestIncome": "None",
      "interestExpense": "1091000",
      "nonInterestIncome": "None",
      "otherNonOperatingIncome": "194000",
      "depreciation": "None",
      "depreciationAndAmortization": "11159000",
      "incomeBeforeTax": "-48540000",
      "incomeTaxExpense": "-17560000",
      "interestAndDebtExpense": "None",
      "netIncomeFromContinuingOperations": "-30980000",
      "comprehensiveIncomeNetOfTax": "None",
      "ebit": "-49825000",
      "ebitda": "-38666000",
      "netIncome": "-30936000"
    },
    {
      "fiscalDateEnding": "2016-05-31",
      "reportedCurrency": "USD",
      "grossProfit": "40680000",
      "totalRevenue": "303020000",
      "costOfRevenue": "262340000",
      "costofGoodsAndServicesSold": "262340000",
      "operatingIncome": "-1724000",
      "sellingGeneralAndAdministrative": "30459000",
      "researchAndDevelopment": "0",
      "operatingExpenses": "42404000",
      "investmentIncomeNet": "None",
      "netInterestIncome": "None",
      "interestIncome": "None",
      "interestExpense": "1138000",
      "nonInterestIncome": "None",
      "otherNonOperatingIncome": "5968000",
      "depreciation": "None",
      "depreciationAndAmortization": "11407000",
      "incomeBeforeTax": "1068000",
      "incomeTaxExpense": "1363000",
      "interestAndDebtExpense": "None",
      "netIncomeFromContinuingOperations": "-295000",
      "comprehensiveIncomeNetOfTax": "None",
      "ebit": "16367000",
      "ebitda": "27774000",
      "netIncome": "-376000"
    },
    {
      "fiscalDateEnding": "2016-02-29",
      "reportedCurrency": "USD",
      "grossProfit": "132726000",
      "totalRevenue": "449760000",
      "costOfRevenue": "317034000",
      "costofGoodsAndServicesSold": "317034000",
      "operatingIncome": "85771000",
      "sellingGeneralAndAdministrative": "34174000",
      "researchAndDevelopment": "0",
      "operatingExpenses": "46955000",
      "investmentIncomeNet": "None",
      "netInterestIncome": "None",
      "interestIncome": "None",
      "interestExpense": "1377000",
      "nonInterestIncome": "None",
      "otherNonOperatingIncome": "10367000",
      "depreciation": "None",
      "depreciationAndAmortization": "11078000",
      "incomeBeforeTax": "97515000",
      "incomeTaxExpense": "33173000",
      "interestAndDebtExpense": "None",
      "netIncomeFromContinuingOperations": "64342000",
      "comprehensiveIncomeNetOfTax": "None",
      "ebit": "85771000",
      "ebitda": "96849000",
      "netIncome": "64164000"
    },
    {
      "fiscalDateEnding": "2015-11-30",
      "reportedCurrency": "USD",
      "grossProfit": "211597000",
      "totalRevenue": "545975000",
      "costOfRevenue": "334378000",
      "costofGoodsAndServicesSold": "334378000",
      "operatingIncome": "166159000",
      "sellingGeneralAndAdministrative": "32729000",
      "researchAndDevelopment": "0",
      "operatingExpenses": "45438000",
      "investmentIncomeNet": "None",
      "netInterestIncome": "None",
      "interestIncome": "None",
      "interestExpense": "616000",
      "nonInterestIncome": "None",
      "otherNonOperatingIncome": "1234000",
      "depreciation": "None",
      "depreciationAndAmortization": "11046000",
      "incomeBeforeTax": "168009000",
      "incomeTaxExpense": "58099000",
      "interestAndDebtExpense": "None",
      "netIncomeFromContinuingOperations": "109910000",
      "comprehensiveIncomeNetOfTax": "None",
      "ebit": "166159000",
      "ebitda": "177205000",
      "netIncome": "109230000"
    },
    {
      "fiscalDateEnding": "2015-08-31",
      "reportedCurrency": "USD",
      "grossProfit": "263071000",
      "totalRevenue": "609895000",
      "costOfRevenue": "346824000",
      "costofGoodsAndServicesSold": "346824000",
      "operatingIncome": "220108000",
      "sellingGeneralAndAdministrative": "30769000",
      "researchAndDevelopment": "0",
      "operatingExpenses": "42963000",
      "investmentIncomeNet": "None",
      "netInterestIncome": "None",
      "interestIncome": "None",
      "interestExpense": "27000",
      "nonInterestIncome": "None",
      "otherNonOperatingIncome": "522000",
      "depreciation": "None",
      "depreciationAndAmortization": "11061000",
      "incomeBeforeTax": "220657000",
      "incomeTaxExpense": "76567000",
      "interestAndDebtExpense": "None",
      "netIncomeFromContinuingOperations": "144090000",
      "comprehensiveIncomeNetOfTax": "None",
      "ebit": "220108000",
      "ebitda": "231169000",
      "netIncome": "143023000"
    },
    {
      "fiscalDateEnding": "2015-05-31",
      "reportedCurrency": "USD",
      "grossProfit": "109394000",
      "totalRevenue": "403011000",
      "costOfRevenue": "293617000",
      "costofGoodsAndServicesSold": "293617000",
      "operatingIncome": "66550000",
      "sellingGeneralAndAdministrative": "31106000",
      "researchAndDevelopment": "0",
      "operatingExpenses": "42844000",
      "investmentIncomeNet": "None",
      "netInterestIncome": "None",
      "interestIncome": "None",
      "interestExpense": "847000",
      "nonInterestIncome": "None",
      "otherNonOperatingIncome": "4581000",
      "depreciation": "None",
      "depreciationAndAmortization": "10507000",
      "incomeBeforeTax": "70179000",
      "incomeTaxExpense": "23903000",
      "interestAndDebtExpense": "None",
      "netIncomeFromContinuingOperations": "46276000",
      "comprehensiveIncomeNetOfTax": "None",
      "ebit": "80077000",
      "ebitda": "90584000",
      "netIncome": "46114000"
    },
    {
      "fiscalDateEnding": "2015-02-28",
      "reportedCurrency": "USD",
      "grossProfit": "112517000",
      "totalRevenue": "437556000",
      "costOfRevenue": "325039000",
      "costofGoodsAndServicesSold": "325039000",
      "operatingIncome": "72025000",
      "sellingGeneralAndAdministrative": "28491000",
      "researchAndDevelopment": "0",
      "operatingExpenses": "40492000",
      "investmentIncomeNet": "None",
      "netInterestIncome": "None",
      "interestIncome": "None",
      "interestExpense": "351000",
      "nonInterestIncome": "None",
      "otherNonOperatingIncome": "5400000",
      "depreciation": "None",
      "depreciationAndAmortization": "10217000",
      "incomeBeforeTax": "77074000",
      "incomeTaxExpense": "26115000",
      "interestAndDebtExpense": "None",
      "netIncomeFromContinuingOperations": "50959000",
      "comprehensiveIncomeNetOfTax": "None",
      "ebit": "72025000",
      "ebitda": "82242000",
      "netIncome": "50882000"
    },
    {
      "fiscalDateEnding": "2014-11-30",
      "reportedCurrency": "USD",
      "grossProfit": "92709000",
      "totalRevenue": "378617000",
      "costOfRevenue": "285908000",
      "costofGoodsAndServicesSold": "285908000",
      "operatingIncome": "55597000",
      "sellingGeneralAndAdministrative": "25319000",
      "researchAndDevelopment": "0",
      "operatingExpenses": "37112000",
      "investmentIncomeNet": "None",
      "netInterestIncome": "None",
      "interestIncome": "None",
      "interestExpense": "477000",
      "nonInterestIncome": "None",
      "otherNonOperatingIncome": "1389000",
      "depreciation": "None",
      "depreciationAndAmortization": "10861000",
      "incomeBeforeTax": "56509000",
      "incomeTaxExpense": "19648000",
      "interestAndDebtExpense": "None",
      "netIncomeFromContinuingOperations": "36861000",
      "comprehensiveIncomeNetOfTax": "None",
      "ebit": "55597000",
      "ebitda": "66458000",
      "netIncome": "36603000"
    },
    {
      "fiscalDateEnding": "2014-08-31",
      "reportedCurrency": "USD",
      "grossProfit": "81101000",
      "totalRevenue": "356944000",
      "costOfRevenue": "275843000",
      "costofGoodsAndServicesSold": "275843000",
      "operatingIncome": "41163000",
      "sellingGeneralAndAdministrative": "28471000",
      "researchAndDevelopment": "0",
      "operatingExpenses": "39938000",
      "investmentIncomeNet": "None",
      "netInterestIncome": "None",
      "interestIncome": "None",
      "interestExpense": "534000",
      "nonInterestIncome": "None",
      "otherNonOperatingIncome": "2157000",
      "depreciation": "None",
      "depreciationAndAmortization": "9123000",
      "incomeBeforeTax": "42786000",
      "incomeTaxExpense": "14601000",
      "interestAndDebtExpense": "None",
      "netIncomeFromContinuingOperations": "28185000",
      "comprehensiveIncomeNetOfTax": "None",
      "ebit": "41163000",
      "ebitda": "50286000",
      "netIncome": "27655000"
    },
    {
      "fiscalDateEnding": "2014-05-31",
      "reportedCurrency": "USD",
      "grossProfit": "91291000",
      "totalRevenue": "371582000",
      "costOfRevenue": "280291000",
      "costofGoodsAndServicesSold": "280291000",
      "operatingIncome": "47528000",
      "sellingGeneralAndAdministrative": "32173000",
      "researchAndDevelopment": "0",
      "operatingExpenses": "43763000",
      "investmentIncomeNet": "None",
      "netInterestIncome": "None",
      "interestIncome": "None",
      "interestExpense": "607000",
      "nonInterestIncome": "None",
      "otherNonOperatingIncome": "2724000",
      "depreciation": "None",
      "depreciationAndAmortization": "9885000",
      "incomeBeforeTax": "48546000",
      "incomeTaxExpense": "16840000",
      "interestAndDebtExpense": "None",
      "netIncomeFromContinuingOperations": "31706000",
      "comprehensiveIncomeNetOfTax": "None",
      "ebit": "67073000",
      "ebitda": "76958000",
      "netIncome": "31492000"
    },
    {
      "fiscalDateEnding": "2014-02-28",
      "reportedCurrency": "USD",
      "grossProfit": "91895000",
      "totalRevenue": "395522000",
      "costOfRevenue": "303627000",
      "costofGoodsAndServicesSold": "303627000",
      "operatingIncome": "46596000",
      "sellingGeneralAndAdministrative": "34233000",
      "researchAndDevelopment": "0",
      "operatingExpenses": "45299000",
      "investmentIncomeNet": "None",
      "netInterestIncome": "None",
      "interestIncome": "None",
      "interestExpense": "563000",
      "nonInterestIncome": "None",
      "otherNonOperatingIncome": "12566000",
      "depreciation": "None",
      "depreciationAndAmortization": "9306000",
      "incomeBeforeTax": "58599000",
      "incomeTaxExpense": "15643000",
      "interestAndDebtExpense": "None",
      "netIncomeFromContinuingOperations": "42956000",
      "comprehensiveIncomeNetOfTax": "None",
      "ebit": "46596000",
      "ebitda": "55902000",
      "netIncome": "42853000"
    },
    {
      "fiscalDateEnding": "2013-11-30",
      "reportedCurrency": "USD",
      "grossProfit": "74667000",
      "totalRevenue": "354275000",
      "costOfRevenue": "279608000",
      "costofGoodsAndServicesSold": "279608000",
      "operatingIncome": "40858000",
      "sellingGeneralAndAdministrative": "23466000",
      "researchAndDevelopment": "0",
      "operatingExpenses": "33809000",
      "investmentIncomeNet": "None",
      "netInterestIncome": "None",
      "interestIncome": "None",
      "interestExpense": "690000",
      "nonInterestIncome": "None",
      "otherNonOperatingIncome": "748000",
      "depreciation": "None",
      "depreciationAndAmortization": "9119000",
      "incomeBeforeTax": "40916000",
      "incomeTaxExpense": "14669000",
      "interestAndDebtExpense": "None",
      "netIncomeFromContinuingOperations": "26247000",
      "comprehensiveIncomeNetOfTax": "None",
      "ebit": "40858000",
      "ebitda": "49977000",
      "netIncome": "26106000"
    },
    {
      "fiscalDateEnding": "2013-08-31",
      "reportedCurrency": "USD",
      "grossProfit": "44911000",
      "totalRevenue": "319528000",
      "costOfRevenue": "274617000",
      "costofGoodsAndServicesSold": "274617000",
      "operatingIncome": "11070000",
      "sellingGeneralAndAdministrative": "23794000",
      "researchAndDevelopment": "0",
      "operatingExpenses": "33841000",
      "investmentIncomeNet": "None",
      "netInterestIncome": "None",
      "interestIncome": "None",
      "interestExpense": "796000",
      "nonInterestIncome": "None",
      "otherNonOperatingIncome": "3507000",
      "depreciation": "None",
      "depreciationAndAmortization": "8893000",
      "incomeBeforeTax": "13781000",
      "incomeTaxExpense": "4883000",
      "interestAndDebtExpense": "None",
      "netIncomeFromContinuingOperations": "8898000",
      "comprehensiveIncomeNetOfTax": "None",
      "ebit": "11070000",
      "ebitda": "19963000",
      "netIncome": "8756000"
    },
    {
      "fiscalDateEnding": "2013-05-31",
      "reportedCurrency": "USD",
      "grossProfit": "51489000",
      "totalRevenue": "325933000",
      "costOfRevenue": "274444000",
      "costofGoodsAndServicesSold": "274444000",
      "operatingIncome": "-7281000",
      "sellingGeneralAndAdministrative": "21277000",
      "researchAndDevelopment": "0",
      "operatingExpenses": "58770000",
      "investmentIncomeNet": "None",
      "netInterestIncome": "None",
      "interestIncome": "None",
      "interestExpense": "1057000",
      "nonInterestIncome": "None",
      "otherNonOperatingIncome": "1508000",
      "depreciation": "None",
      "depreciationAndAmortization": "9455000",
      "incomeBeforeTax": "-7412000",
      "incomeTaxExpense": "-3776000",
      "interestAndDebtExpense": "None",
      "netIncomeFromContinuingOperations": "-3636000",
      "comprehensiveIncomeNetOfTax": "None",
      "ebit": "13182000",
      "ebitda": "22637000",
      "netIncome": "-3833000"
    },
    {
      "fiscalDateEnding": "2013-02-28",
      "reportedCurrency": "USD",
      "grossProfit": "67047000",
      "totalRevenue": "360373000",
      "costOfRevenue": "293326000",
      "costofGoodsAndServicesSold": "293326000",
      "operatingIncome": "30911000",
      "sellingGeneralAndAdministrative": "25673000",
      "researchAndDevelopment": "0",
      "operatingExpenses": "36136000",
      "investmentIncomeNet": "None",
      "netInterestIncome": "None",
      "interestIncome": "None",
      "interestExpense": "963000",
      "nonInterestIncome": "None",
      "otherNonOperatingIncome": "15934000",
      "depreciation": "None",
      "depreciationAndAmortization": "8543000",
      "incomeBeforeTax": "45882000",
      "incomeTaxExpense": "15335000",
      "interestAndDebtExpense": "None",
      "netIncomeFromContinuingOperations": "30547000",
      "comprehensiveIncomeNetOfTax": "None",
      "ebit": "30911000",
      "ebitda": "39454000",
      "netIncome": "30551000"
    },
    {
      "fiscalDateEnding": "2012-11-30",
      "reportedCurrency": "USD",
      "grossProfit": "51298000",
      "totalRevenue": "328870000",
      "costOfRevenue": "277572000",
      "costofGoodsAndServicesSold": "277572000",
      "operatingIncome": "20366000",
      "sellingGeneralAndAdministrative": "21642000",
      "researchAndDevelopment": "0",
      "operatingExpenses": "30932000",
      "investmentIncomeNet": "None",
      "netInterestIncome": "None",
      "interestIncome": "None",
      "interestExpense": "588000",
      "nonInterestIncome": "None",
      "otherNonOperatingIncome": "2619000",
      "depreciation": "None",
      "depreciationAndAmortization": "8246000",
      "incomeBeforeTax": "22397000",
      "incomeTaxExpense": "8067000",
      "interestAndDebtExpense": "None",
      "netIncomeFromContinuingOperations": "14330000",
      "comprehensiveIncomeNetOfTax": "None",
      "ebit": "20366000",
      "ebitda": "28612000",
      "netIncome": "14290000"
    },
    {
      "fiscalDateEnding": "2012-08-31",
      "reportedCurrency": "USD",
      "grossProfit": "44715000",
      "totalRevenue": "272928000",
      "costOfRevenue": "228213000",
      "costofGoodsAndServicesSold": "228213000",
      "operatingIncome": "15597000",
      "sellingGeneralAndAdministrative": "29100000",
      "researchAndDevelopment": "0",
      "operatingExpenses": "29118000",
      "investmentIncomeNet": "None",
      "netInterestIncome": "None",
      "interestIncome": "None",
      "interestExpense": "1298000",
      "nonInterestIncome": "None",
      "otherNonOperatingIncome": "402000",
      "depreciation": "None",
      "depreciationAndAmortization": "7929000",
      "incomeBeforeTax": "14701000",
      "incomeTaxExpense": "5181000",
      "interestAndDebtExpense": "None",
      "netIncomeFromContinuingOperations": "9520000",
      "comprehensiveIncomeNetOfTax": "None",
      "ebit": "15597000",
      "ebitda": "23526000",
      "netIncome": "9415000"
    },
    {
      "fiscalDateEnding": "2012-05-31",
      "reportedCurrency": "USD",
      "grossProfit": "41355000",
      "totalRevenue": "275245000",
      "costOfRevenue": "233890000",
      "costofGoodsAndServicesSold": "233890000",
      "operatingIncome": "12083000",
      "sellingGeneralAndAdministrative": "29300000",
      "researchAndDevelopment": "0",
      "operatingExpenses": "29272000",
      "investmentIncomeNet": "None",
      "netInterestIncome": "None",
      "interestIncome": "None",
      "interestExpense": "1678000",
      "nonInterestIncome": "None",
      "otherNonOperatingIncome": "48685000",
      "depreciation": "None",
      "depreciationAndAmortization": "7947000",
      "incomeBeforeTax": "57761000",
      "incomeTaxExpense": "20364000",
      "interestAndDebtExpense": "None",
      "netIncomeFromContinuingOperations": "37397000",
      "comprehensiveIncomeNetOfTax": "None",
      "ebit": "59439000",
      "ebitda": "67386000",
      "netIncome": "37256000"
    },
    {
      "fiscalDateEnding": "2012-02-29",
      "reportedCurrency": "USD",
      "grossProfit": "65149000",
      "totalRevenue": "303660000",
      "costOfRevenue": "238511000",
      "costofGoodsAndServicesSold": "238511000",
      "operatingIncome": "34939000",
      "sellingGeneralAndAdministrative": "30200000",
      "researchAndDevelopment": "0",
      "operatingExpenses": "30210000",
      "investmentIncomeNet": "None",
      "netInterestIncome": "None",
      "interestIncome": "None",
      "interestExpense": "1151000",
      "nonInterestIncome": "None",
      "otherNonOperatingIncome": "6787000",
      "depreciation": "None",
      "depreciationAndAmortization": "7544000",
      "incomeBeforeTax": "40575000",
      "incomeTaxExpense": "14291000",
      "interestAndDebtExpense": "None",
      "netIncomeFromContinuingOperations": "26284000",
      "comprehensiveIncomeNetOfTax": "None",
      "ebit": "34939000",
      "ebitda": "42483000",
      "netIncome": "26102000"
    },
    {
      "fiscalDateEnding": "2011-11-30",
      "reportedCurrency": "USD",
      "grossProfit": "61492000",
      "totalRevenue": "290369000",
      "costOfRevenue": "228877000",
      "costofGoodsAndServicesSold": "228877000",
      "operatingIncome": "35673000",
      "sellingGeneralAndAdministrative": "25800000",
      "researchAndDevelopment": "0",
      "operatingExpenses": "25819000",
      "investmentIncomeNet": "None",
      "netInterestIncome": "None",
      "interestIncome": "None",
      "interestExpense": "822000",
      "nonInterestIncome": "None",
      "otherNonOperatingIncome": "None",
      "depreciation": "None",
      "depreciationAndAmortization": "7603000",
      "incomeBeforeTax": "36008000",
      "incomeTaxExpense": "12776000",
      "interestAndDebtExpense": "None",
      "netIncomeFromContinuingOperations": "23232000",
      "comprehensiveIncomeNetOfTax": "None",
      "ebit": "36830000",
      "ebitda": "44433000",
      "netIncome": "23260000"
    },
    {
      "fiscalDateEnding": "2011-08-31",
      "reportedCurrency": "USD",
      "grossProfit": "33786000",
      "totalRevenue": "243842000",
      "costOfRevenue": "210056000",
      "costofGoodsAndServicesSold": "210056000",
      "operatingIncome": "5957000",
      "sellingGeneralAndAdministrative": "27800000",
      "researchAndDevelopment": "0",
      "operatingExpenses": "27829000",
      "investmentIncomeNet": "None",
      "netInterestIncome": "None",
      "interestIncome": "None",
      "interestExpense": "1396000",
      "nonInterestIncome": "None",
      "otherNonOperatingIncome": "None",
      "depreciation": "None",
      "depreciationAndAmortization": "7658000",
      "incomeBeforeTax": "4733000",
      "incomeTaxExpense": "1679000",
      "interestAndDebtExpense": "None",
      "netIncomeFromContinuingOperations": "3054000",
      "comprehensiveIncomeNetOfTax": "None",
      "ebit": "6129000",
      "ebitda": "13787000",
      "netIncome": "3117000"
    },
    {
      "fiscalDateEnding": "2011-05-31",
      "reportedCurrency": "USD",
      "grossProfit": "41400000",
      "totalRevenue": "242381000",
      "costOfRevenue": "200981000",
      "costofGoodsAndServicesSold": "200981000",
      "operatingIncome": "13698000",
      "sellingGeneralAndAdministrative": "27700000",
      "researchAndDevelopment": "0",
      "operatingExpenses": "27702000",
      "investmentIncomeNet": "None",
      "netInterestIncome": "None",
      "interestIncome": "None",
      "interestExpense": "1235000",
      "nonInterestIncome": "None",
      "otherNonOperatingIncome": "None",
      "depreciation": "None",
      "depreciationAndAmortization": "7662000",
      "incomeBeforeTax": "11654000",
      "incomeTaxExpense": "5585000",
      "interestAndDebtExpense": "None",
      "netIncomeFromContinuingOperations": "0",
      "comprehensiveIncomeNetOfTax": "None",
      "ebit": "28742000",
      "ebitda": "36404000",
      "netIncome": "7271000"
    },
    {
      "fiscalDateEnding": "2011-02-28",
      "reportedCurrency": "USD",
      "grossProfit": "65580000",
      "totalRevenue": "274674000",
      "costOfRevenue": "209094000",
      "costofGoodsAndServicesSold": "209094000",
      "operatingIncome": "38961000",
      "sellingGeneralAndAdministrative": "26600000",
      "researchAndDevelopment": "0",
      "operatingExpenses": "26619000",
      "investmentIncomeNet": "None",
      "netInterestIncome": "None",
      "interestIncome": "None",
      "interestExpense": "1648000",
      "nonInterestIncome": "None",
      "otherNonOperatingIncome": "None",
      "depreciation": "None",
      "depreciationAndAmortization": "7582000",
      "incomeBeforeTax": "50534000",
      "incomeTaxExpense": "17075000",
      "interestAndDebtExpense": "None",
      "netIncomeFromContinuingOperations": "0",
      "comprehensiveIncomeNetOfTax": "None",
      "ebit": "52182000",
      "ebitda": "59764000",
      "netIncome": "33619000"
    },
    {
      "fiscalDateEnding": "2010-11-30",
      "reportedCurrency": "USD",
      "grossProfit": "45215000",
      "totalRevenue": "234523000",
      "costOfRevenue": "189308000",
      "costofGoodsAndServicesSold": "189308000",
      "operatingIncome": "22783000",
      "sellingGeneralAndAdministrative": "22400000",
      "researchAndDevelopment": "0",
      "operatingExpenses": "22432000",
      "investmentIncomeNet": "None",
      "netInterestIncome": "None",
      "interestIncome": "None",
      "interestExpense": "1547000",
      "nonInterestIncome": "None",
      "otherNonOperatingIncome": "None",
      "depreciation": "None",
      "depreciationAndAmortization": "7653000",
      "incomeBeforeTax": "22398000",
      "incomeTaxExpense": "8212000",
      "interestAndDebtExpense": "None",
      "netIncomeFromContinuingOperations": "0",
      "comprehensiveIncomeNetOfTax": "None",
      "ebit": "22783000",
      "ebitda": "30436000",
      "netIncome": "15186000"
    },
    {
      "fiscalDateEnding": "2010-08-31",
      "reportedCurrency": "USD",
      "grossProfit": "32736000",
      "totalRevenue": "190403000",
      "costOfRevenue": "157667000",
      "costofGoodsAndServicesSold": "157667000",
      "operatingIncome": "8041000",
      "sellingGeneralAndAdministrative": "24700000",
      "researchAndDevelopment": "0",
      "operatingExpenses": "24695000",
      "investmentIncomeNet": "None",
      "netInterestIncome": "None",
      "interestIncome": "None",
      "interestExpense": "1592000",
      "nonInterestIncome": "None",
      "otherNonOperatingIncome": "None",
      "depreciation": "None",
      "depreciationAndAmortization": "7857000",
      "incomeBeforeTax": "7085000",
      "incomeTaxExpense": "2531000",
      "interestAndDebtExpense": "None",
      "netIncomeFromContinuingOperations": "0",
      "comprehensiveIncomeNetOfTax": "None",
      "ebit": "8041000",
      "ebitda": "15898000",
      "netIncome": "4763000"
    },
    {
      "fiscalDateEnding": "2010-05-31",
      "reportedCurrency": "USD",
      "grossProfit": "54676000",
      "totalRevenue": "222088000",
      "costOfRevenue": "167412000",
      "costofGoodsAndServicesSold": "167412000",
      "operatingIncome": "32533000",
      "sellingGeneralAndAdministrative": "22100000",
      "researchAndDevelopment": "0",
      "operatingExpenses": "22143000",
      "investmentIncomeNet": "None",
      "netInterestIncome": "None",
      "interestIncome": "None",
      "interestExpense": "2572000",
      "nonInterestIncome": "None",
      "otherNonOperatingIncome": "None",
      "depreciation": "None",
      "depreciationAndAmortization": "9382000",
      "incomeBeforeTax": "32353000",
      "incomeTaxExpense": "11529000",
      "interestAndDebtExpense": "None",
      "netIncomeFromContinuingOperations": "0",
      "comprehensiveIncomeNetOfTax": "None",
      "ebit": "34925000",
      "ebitda": "44307000",
      "netIncome": "21027000"
    },
    {
      "fiscalDateEnding": "2010-02-28",
      "reportedCurrency": "USD",
      "grossProfit": "74924000",
      "totalRevenue": "271156000",
      "costOfRevenue": "196232000",
      "costofGoodsAndServicesSold": "196232000",
      "operatingIncome": "49937000",
      "sellingGeneralAndAdministrative": "25000000",
      "researchAndDevelopment": "0",
      "operatingExpenses": "24987000",
      "investmentIncomeNet": "None",
      "netInterestIncome": "None",
      "interestIncome": "None",
      "interestExpense": "1653000",
      "nonInterestIncome": "None",
      "otherNonOperatingIncome": "None",
      "depreciation": "None",
      "depreciationAndAmortization": "7384000",
      "incomeBeforeTax": "53364000",
      "incomeTaxExpense": "19413000",
      "interestAndDebtExpense": "None",
      "netIncomeFromContinuingOperations": "0",
      "comprehensiveIncomeNetOfTax": "None",
      "ebit": "49937000",
      "ebitda": "57321000",
      "netIncome": "34534000"
    },
    {
      "fiscalDateEnding": "2009-11-30",
      "reportedCurrency": "USD",
      "grossProfit": "46827000",
      "totalRevenue": "229233000",
      "costOfRevenue": "182406000",
      "costofGoodsAndServicesSold": "182406000",
      "operatingIncome": "25435000",
      "sellingGeneralAndAdministrative": "21400000",
      "researchAndDevelopment": "0",
      "operatingExpenses": "21392000",
      "investmentIncomeNet": "None",
      "netInterestIncome": "None",
      "interestIncome": "None",
      "interestExpense": "1675000",
      "nonInterestIncome": "None",
      "otherNonOperatingIncome": "None",
      "depreciation": "None",
      "depreciationAndAmortization": "7607000",
      "incomeBeforeTax": "24636000",
      "incomeTaxExpense": "9045000",
      "interestAndDebtExpense": "None",
      "netIncomeFromContinuingOperations": "0",
      "comprehensiveIncomeNetOfTax": "None",
      "ebit": "25435000",
      "ebitda": "33042000",
      "netIncome": "16094000"
    },
    {
      "fiscalDateEnding": "2009-08-31",
      "reportedCurrency": "USD",
      "grossProfit": "18217000",
      "totalRevenue": "187666000",
      "costOfRevenue": "169449000",
      "costofGoodsAndServicesSold": "169449000",
      "operatingIncome": "-5301000",
      "sellingGeneralAndAdministrative": "23500000",
      "researchAndDevelopment": "0",
      "operatingExpenses": "23518000",
      "investmentIncomeNet": "None",
      "netInterestIncome": "None",
      "interestIncome": "None",
      "interestExpense": "1716000",
      "nonInterestIncome": "None",
      "otherNonOperatingIncome": "None",
      "depreciation": "None",
      "depreciationAndAmortization": "7412000",
      "incomeBeforeTax": "-6859000",
      "incomeTaxExpense": "-2026000",
      "interestAndDebtExpense": "None",
      "netIncomeFromContinuingOperations": "0",
      "comprehensiveIncomeNetOfTax": "None",
      "ebit": "-5301000",
      "ebitda": "2111000",
      "netIncome": "-3832000"
    },
    {
      "fiscalDateEnding": "2009-05-31",
      "reportedCurrency": "USD",
      "grossProfit": "37907000",
      "totalRevenue": "213601000",
      "costOfRevenue": "175694000",
      "costofGoodsAndServicesSold": "175694000",
      "operatingIncome": "15169000",
      "sellingGeneralAndAdministrative": "22700000",
      "researchAndDevelopment": "0",
      "operatingExpenses": "22738000",
      "investmentIncomeNet": "None",
      "netInterestIncome": "None",
      "interestIncome": "None",
      "interestExpense": "2931000",
      "nonInterestIncome": "None",
      "otherNonOperatingIncome": "None",
      "depreciation": "None",
      "depreciationAndAmortization": "7599000",
      "incomeBeforeTax": "15526000",
      "incomeTaxExpense": "5260000",
      "interestAndDebtExpense": "None",
      "netIncomeFromContinuingOperations": "0",
      "comprehensiveIncomeNetOfTax": "None",
      "ebit": "18457000",
      "ebitda": "26056000",
      "netIncome": "10266000"
    },
    {
      "fiscalDateEnding": "2009-02-28",
      "reportedCurrency": "USD",
      "grossProfit": "68157000",
      "totalRevenue": "270009000",
      "costOfRevenue": "201852000",
      "costofGoodsAndServicesSold": "201852000",
      "operatingIncome": "45200000",
      "sellingGeneralAndAdministrative": "22957000",
      "researchAndDevelopment": "0",
      "operatingExpenses": "22957000",
      "investmentIncomeNet": "None",
      "netInterestIncome": "None",
      "interestIncome": "None",
      "interestExpense": "1736000",
      "nonInterestIncome": "None",
      "otherNonOperatingIncome": "None",
      "depreciation": "None",
      "depreciationAndAmortization": "7379000",
      "incomeBeforeTax": "45845000",
      "incomeTaxExpense": "15120000",
      "interestAndDebtExpense": "None",
      "netIncomeFromContinuingOperations": "0",
      "comprehensiveIncomeNetOfTax": "None",
      "ebit": "47581000",
      "ebitda": "54960000",
      "netIncome": "30843000"
    },
    {
      "fiscalDateEnding": "2008-11-30",
      "reportedCurrency": "USD",
      "grossProfit": "58016000",
      "totalRevenue": "238314000",
      "costOfRevenue": "180298000",
      "costofGoodsAndServicesSold": "180298000",
      "operatingIncome": "43124000",
      "sellingGeneralAndAdministrative": "14900000",
      "researchAndDevelopment": "0",
      "operatingExpenses": "14892000",
      "investmentIncomeNet": "None",
      "netInterestIncome": "None",
      "interestIncome": "None",
      "interestExpense": "1212000",
      "nonInterestIncome": "None",
      "otherNonOperatingIncome": "None",
      "depreciation": "None",
      "depreciationAndAmortization": "6604000",
      "incomeBeforeTax": "42132000",
      "incomeTaxExpense": "14888000",
      "interestAndDebtExpense": "None",
      "netIncomeFromContinuingOperations": "0",
      "comprehensiveIncomeNetOfTax": "None",
      "ebit": "43124000",
      "ebitda": "49728000",
      "netIncome": "27244000"
    },
    {
      "fiscalDateEnding": "2008-08-31",
      "reportedCurrency": "USD",
      "grossProfit": "40647000",
      "totalRevenue": "206888000",
      "costOfRevenue": "166241000",
      "costofGoodsAndServicesSold": "166241000",
      "operatingIncome": "17981000",
      "sellingGeneralAndAdministrative": "22700000",
      "researchAndDevelopment": "0",
      "operatingExpenses": "22666000",
      "investmentIncomeNet": "None",
      "netInterestIncome": "None",
      "interestIncome": "None",
      "interestExpense": "1217000",
      "nonInterestIncome": "None",
      "otherNonOperatingIncome": "None",
      "depreciation": "None",
      "depreciationAndAmortization": "6494000",
      "incomeBeforeTax": "17417000",
      "incomeTaxExpense": "6242000",
      "interestAndDebtExpense": "None",
      "netIncomeFromContinuingOperations": "0",
      "comprehensiveIncomeNetOfTax": "None",
      "ebit": "18634000",
      "ebitda": "25128000",
      "netIncome": "11147000"
    },
    {
      "fiscalDateEnding": "2008-05-31",
      "reportedCurrency": "USD",
      "grossProfit": "72042000",
      "totalRevenue": "235628000",
      "costOfRevenue": "163586000",
      "costofGoodsAndServicesSold": "163586000",
      "operatingIncome": "52044000",
      "sellingGeneralAndAdministrative": "19998000",
      "researchAndDevelopment": "0",
      "operatingExpenses": "19998000",
      "investmentIncomeNet": "None",
      "netInterestIncome": "None",
      "interestIncome": "None",
      "interestExpense": "3152000",
      "nonInterestIncome": "None",
      "otherNonOperatingIncome": "None",
      "depreciation": "None",
      "depreciationAndAmortization": "6241000",
      "incomeBeforeTax": "54911000",
      "incomeTaxExpense": "18353000",
      "interestAndDebtExpense": "None",
      "netIncomeFromContinuingOperations": "0",
      "comprehensiveIncomeNetOfTax": "None",
      "ebit": "45803000",
      "ebitda": "52044000",
      "netIncome": "36558000"
    },
    {
      "fiscalDateEnding": "2008-02-29",
      "reportedCurrency": "USD",
      "grossProfit": "104902000",
      "totalRevenue": "278017000",
      "costOfRevenue": "173115000",
      "costofGoodsAndServicesSold": "173115000",
      "operatingIncome": "85658000",
      "sellingGeneralAndAdministrative": "19200000",
      "researchAndDevelopment": "0",
      "operatingExpenses": "19244000",
      "investmentIncomeNet": "None",
      "netInterestIncome": "None",
      "interestIncome": "None",
      "interestExpense": "676000",
      "nonInterestIncome": "None",
      "otherNonOperatingIncome": "None",
      "depreciation": "None",
      "depreciationAndAmortization": "-2905000",
      "incomeBeforeTax": "87887000",
      "incomeTaxExpense": "30704000",
      "interestAndDebtExpense": "None",
      "netIncomeFromContinuingOperations": "0",
      "comprehensiveIncomeNetOfTax": "None",
      "ebit": "85658000",
      "ebitda": "82753000",
      "netIncome": "57183000"
    },
    {
      "fiscalDateEnding": "2007-11-30",
      "reportedCurrency": "USD",
      "grossProfit": "76032000",
      "totalRevenue": "223696000",
      "costOfRevenue": "147664000",
      "costofGoodsAndServicesSold": "147664000",
      "operatingIncome": "59003000",
      "sellingGeneralAndAdministrative": "17000000",
      "researchAndDevelopment": "0",
      "operatingExpenses": "17029000",
      "investmentIncomeNet": "None",
      "netInterestIncome": "None",
      "interestIncome": "None",
      "interestExpense": "1377000",
      "nonInterestIncome": "None",
      "otherNonOperatingIncome": "None",
      "depreciation": "None",
      "depreciationAndAmortization": "-3744000",
      "incomeBeforeTax": "61370000",
      "incomeTaxExpense": "21216000",
      "interestAndDebtExpense": "None",
      "netIncomeFromContinuingOperations": "0",
      "comprehensiveIncomeNetOfTax": "None",
      "ebit": "59003000",
      "ebitda": "55259000",
      "netIncome": "40154000"
    },
    {
      "fiscalDateEnding": "2007-08-31",
      "reportedCurrency": "USD",
      "grossProfit": "45580000",
      "totalRevenue": "178598000",
      "costOfRevenue": "133018000",
      "costofGoodsAndServicesSold": "133018000",
      "operatingIncome": "26932000",
      "sellingGeneralAndAdministrative": "18600000",
      "researchAndDevelopment": "0",
      "operatingExpenses": "18648000",
      "investmentIncomeNet": "None",
      "netInterestIncome": "None",
      "interestIncome": "None",
      "interestExpense": "1647000",
      "nonInterestIncome": "None",
      "otherNonOperatingIncome": "None",
      "depreciation": "None",
      "depreciationAndAmortization": "-1938000",
      "incomeBeforeTax": "27223000",
      "incomeTaxExpense": "9257000",
      "interestAndDebtExpense": "None",
      "netIncomeFromContinuingOperations": "0",
      "comprehensiveIncomeNetOfTax": "None",
      "ebit": "26932000",
      "ebitda": "24994000",
      "netIncome": "17966000"
    },
    {
      "fiscalDateEnding": "2007-05-31",
      "reportedCurrency": "USD",
      "grossProfit": "41080000",
      "totalRevenue": "169872000",
      "costOfRevenue": "128792000",
      "costofGoodsAndServicesSold": "128792000",
      "operatingIncome": "26516000",
      "sellingGeneralAndAdministrative": "14600000",
      "researchAndDevelopment": "0",
      "operatingExpenses": "14564000",
      "investmentIncomeNet": "None",
      "netInterestIncome": "None",
      "interestIncome": "None",
      "interestExpense": "4993000",
      "nonInterestIncome": "None",
      "otherNonOperatingIncome": "None",
      "depreciation": "None",
      "depreciationAndAmortization": "716000",
      "incomeBeforeTax": "27108000",
      "incomeTaxExpense": "8825000",
      "interestAndDebtExpense": "None",
      "netIncomeFromContinuingOperations": "0",
      "comprehensiveIncomeNetOfTax": "None",
      "ebit": "25800000",
      "ebitda": "26516000",
      "netIncome": "18283000"
    },
    {
      "fiscalDateEnding": "2007-02-28",
      "reportedCurrency": "USD",
      "grossProfit": "44182000",
      "totalRevenue": "175211000",
      "costOfRevenue": "131029000",
      "costofGoodsAndServicesSold": "131029000",
      "operatingIncome": "27280000",
      "sellingGeneralAndAdministrative": "16900000",
      "researchAndDevelopment": "0",
      "operatingExpenses": "16902000",
      "investmentIncomeNet": "None",
      "netInterestIncome": "None",
      "interestIncome": "None",
      "interestExpense": "1639000",
      "nonInterestIncome": "None",
      "otherNonOperatingIncome": "None",
      "depreciation": "None",
      "depreciationAndAmortization": "-1956000",
      "incomeBeforeTax": "27597000",
      "incomeTaxExpense": "10194000",
      "interestAndDebtExpense": "None",
      "netIncomeFromContinuingOperations": "0",
      "comprehensiveIncomeNetOfTax": "None",
      "ebit": "27280000",
      "ebitda": "25324000",
      "netIncome": "17403000"
    },
    {
      "fiscalDateEnding": "2006-11-30",
      "reportedCurrency": "USD",
      "grossProfit": "24955000",
      "totalRevenue": "137737000",
      "costOfRevenue": "112782000",
      "costofGoodsAndServicesSold": "112782000",
      "operatingIncome": "10497000",
      "sellingGeneralAndAdministrative": "14500000",
      "researchAndDevelopment": "0",
      "operatingExpenses": "14458000",
      "investmentIncomeNet": "None",
      "netInterestIncome": "None",
      "interestIncome": "None",
      "interestExpense": "1764000",
      "nonInterestIncome": "None",
      "otherNonOperatingIncome": "None",
      "depreciation": "None",
      "depreciationAndAmortization": "-824000",
      "incomeBeforeTax": "9557000",
      "incomeTaxExpense": "3156000",
      "interestAndDebtExpense": "None",
      "netIncomeFromContinuingOperations": "0",
      "comprehensiveIncomeNetOfTax": "None",
      "ebit": "10497000",
      "ebitda": "9673000",
      "netIncome": "6401000"
    },
    {
      "fiscalDateEnding": "2006-08-31",
      "reportedCurrency": "USD",
      "grossProfit": "8407000",
      "totalRevenue": "115308000",
      "costOfRevenue": "106901000",
      "costofGoodsAndServicesSold": "106901000",
      "operatingIncome": "-6063000",
      "sellingGeneralAndAdministrative": "14500000",
      "researchAndDevelopment": "0",
      "operatingExpenses": "14470000",
      "investmentIncomeNet": "None",
      "netInterestIncome": "None",
      "interestIncome": "None",
      "interestExpense": "1795000",
      "nonInterestIncome": "None",
      "otherNonOperatingIncome": "None",
      "depreciation": "None",
      "depreciationAndAmortization": "143000",
      "incomeBeforeTax": "-8001000",
      "incomeTaxExpense": "-2570000",
      "interestAndDebtExpense": "None",
      "netIncomeFromContinuingOperations": "0",
      "comprehensiveIncomeNetOfTax": "None",
      "ebit": "-6206000",
      "ebitda": "-6063000",
      "netIncome": "-5431000"
    },
    {
      "fiscalDateEnding": "2006-05-31",
      "reportedCurrency": "USD",
      "grossProfit": "17475000",
      "totalRevenue": "129405000",
      "costOfRevenue": "111930000",
      "costofGoodsAndServicesSold": "111930000",
      "operatingIncome": "2913000",
      "sellingGeneralAndAdministrative": "14600000",
      "researchAndDevelopment": "0",
      "operatingExpenses": "14562000",
      "investmentIncomeNet": "None",
      "netInterestIncome": "None",
      "interestIncome": "None",
      "interestExpense": "7949000",
      "nonInterestIncome": "None",
      "otherNonOperatingIncome": "None",
      "depreciation": "None",
      "depreciationAndAmortization": "-375000",
      "incomeBeforeTax": "1725000",
      "incomeTaxExpense": "1935000",
      "interestAndDebtExpense": "None",
      "netIncomeFromContinuingOperations": "0",
      "comprehensiveIncomeNetOfTax": "None",
      "ebit": "2913000",
      "ebitda": "2538000",
      "netIncome": "-210000"
    },
    {
      "fiscalDateEnding": "2006-02-28",
      "reportedCurrency": "USD",
      "grossProfit": "25973000",
      "totalRevenue": "130107000",
      "costOfRevenue": "104134000",
      "costofGoodsAndServicesSold": "104134000",
      "operatingIncome": "10480000",
      "sellingGeneralAndAdministrative": "15500000",
      "researchAndDevelopment": "0",
      "operatingExpenses": "15493000",
      "investmentIncomeNet": "None",
      "netInterestIncome": "None",
      "interestIncome": "None",
      "interestExpense": "1906000",
      "nonInterestIncome": "None",
      "otherNonOperatingIncome": "None",
      "depreciation": "None",
      "depreciationAndAmortization": "-1346000",
      "incomeBeforeTax": "9920000",
      "incomeTaxExpense": "1930000",
      "interestAndDebtExpense": "None",
      "netIncomeFromContinuingOperations": "0",
      "comprehensiveIncomeNetOfTax": "None",
      "ebit": "10480000",
      "ebitda": "9134000",
      "netIncome": "7990000"
    },
    {
      "fiscalDateEnding": "2005-11-30",
      "reportedCurrency": "USD",
      "grossProfit": "17809000",
      "totalRevenue": "138288000",
      "costOfRevenue": "120479000",
      "costofGoodsAndServicesSold": "120479000",
      "operatingIncome": "1080000",
      "sellingGeneralAndAdministrative": "16700000",
      "researchAndDevelopment": "0",
      "operatingExpenses": "16729000",
      "investmentIncomeNet": "None",
      "netInterestIncome": "None",
      "interestIncome": "None",
      "interestExpense": "2294000",
      "nonInterestIncome": "None",
      "otherNonOperatingIncome": "None",
      "depreciation": "None",
      "depreciationAndAmortization": "-192000",
      "incomeBeforeTax": "-1022000",
      "incomeTaxExpense": "-337000",
      "interestAndDebtExpense": "None",
      "netIncomeFromContinuingOperations": "0",
      "comprehensiveIncomeNetOfTax": "None",
      "ebit": "1080000",
      "ebitda": "888000",
      "netIncome": "-685000"
    },
    {
      "fiscalDateEnding": "2005-08-31",
      "reportedCurrency": "USD",
      "grossProfit": "960000",
      "totalRevenue": "79756000",
      "costOfRevenue": "78796000",
      "costofGoodsAndServicesSold": "78796000",
      "operatingIncome": "-9957000",
      "sellingGeneralAndAdministrative": "10900000",
      "researchAndDevelopment": "0",
      "operatingExpenses": "10917000",
      "investmentIncomeNet": "None",
      "netInterestIncome": "None",
      "interestIncome": "None",
      "interestExpense": "1695000",
      "nonInterestIncome": "None",
      "otherNonOperatingIncome": "None",
      "depreciation": "None",
      "depreciationAndAmortization": "449000",
      "incomeBeforeTax": "-12101000",
      "incomeTaxExpense": "-3993000",
      "interestAndDebtExpense": "None",
      "netIncomeFromContinuingOperations": "0",
      "comprehensiveIncomeNetOfTax": "None",
      "ebit": "-10406000",
      "ebitda": "-9957000",
      "netIncome": "-8108000"
    },
    {
      "fiscalDateEnding": "2005-05-31",
      "reportedCurrency": "USD",
      "grossProfit": "2651000",
      "totalRevenue": "81477000",
      "costOfRevenue": "78826000",
      "costofGoodsAndServicesSold": "78826000",
      "operatingIncome": "-8576000",
      "sellingGeneralAndAdministrative": "11200000",
      "researchAndDevelopment": "0",
      "operatingExpenses": "11227000",
      "investmentIncomeNet": "None",
      "netInterestIncome": "None",
      "interestIncome": "None",
      "interestExpense": "5906000",
      "nonInterestIncome": "None",
      "otherNonOperatingIncome": "None",
      "depreciation": "None",
      "depreciationAndAmortization": "-59000",
      "incomeBeforeTax": "-9730000",
      "incomeTaxExpense": "-3180000",
      "interestAndDebtExpense": "None",
      "netIncomeFromContinuingOperations": "0",
      "comprehensiveIncomeNetOfTax": "None",
      "ebit": "-8517000",
      "ebitda": "-8576000",
      "netIncome": "-6550000"
    }
  ]
}